<html lang="en-GB"><head><title>All Scotch Whiskies : The Whisky Exchange</title><meta name="title" content="All Scotch Whiskies : The Whisky Exchange"><meta name="description" content="All Scotch Whiskies on The Whisky Exchange. Offering global delivery and a range of more than 9,000 whiskies and fine spirits, The Whisky Exchange is the world's specialist drink retailer."><meta property="og:title" content="All Scotch Whiskies : The Whisky Exchange"><meta property="og:description" content="All Scotch Whiskies on The Whisky Exchange. Offering global delivery and a range of more than 9,000 whiskies and fine spirits, The Whisky Exchange is the world's specialist drink retailer."><meta http-equiv="X-UA-Compatible" content="IE=edge"><meta charset="UTF-8"><meta name="viewport" content="width=device-width, initial-scale=1"><meta http-equiv="cleartype" content="on"><link rel="preload" as="image" href="/media/rtwe/assets/application/images/logos/2024/twe_festive_desktop.svg" media="(min-width: 450px) " fetchpriority="high"><link rel="preload" as="image" href="/media/rtwe/assets/application/images/logos/2024/twe_festive_mobile.svg" media="(max-width: 449.9px)" fetchpriority="high"><link rel="search" type="application/opensearchdescription+xml" href="/media/rtwe/assets/application/xml/opensearch.xml" title="The Whisky Exchange Search"><style>@font-face{font-family:"Droid Serif";font-style:italic;font-weight:400;font-display:swap;src:url(/media/rtwe/assets/vendor/fonts/droid-serif-italic-400.woff2) format("woff2");unicode-range:U+0-FF,U+131,U+152-153,U+2BB-2BC,U+2C6,U+2DA,U+2DC,U+304,U+308,U+329,U+2000-206F,U+2074,U+20AC,U+2122,U+2191,U+2193,U+2212,U+2215,U+FEFF,U+FFFD}@font-face{font-family:"Droid Serif";font-style:normal;font-weight:400;font-display:swap;src:url(/media/rtwe/assets/vendor/fonts/droid-serif-normal-400.woff2) format("woff2");unicode-range:U+0-FF,U+131,U+152-153,U+2BB-2BC,U+2C6,U+2DA,U+2DC,U+304,U+308,U+329,U+2000-206F,U+2074,U+20AC,U+2122,U+2191,U+2193,U+2212,U+2215,U+FEFF,U+FFFD}@font-face{font-family:"Lato";font-style:italic;font-weight:400;font-display:swap;src:url(/media/rtwe/assets/vendor/fonts/lato-italic-400-latin-ext.woff2) format("woff2");unicode-range:U+100-2AF,U+304,U+308,U+329,U+1E00-1E9F,U+1EF2-1EFF,U+2020,U+20A0-20AB,U+20AD-20C0,U+2113,U+2C60-2C7F,U+A720-A7FF}@font-face{font-family:"Lato";font-style:italic;font-weight:400;font-display:swap;src:url(/media/rtwe/assets/vendor/fonts/lato-italic-400-latin.woff2) format("woff2");unicode-range:U+0-FF,U+131,U+152-153,U+2BB-2BC,U+2C6,U+2DA,U+2DC,U+304,U+308,U+329,U+2000-206F,U+2074,U+20AC,U+2122,U+2191,U+2193,U+2212,U+2215,U+FEFF,U+FFFD}@font-face{font-family:"Lato";font-style:normal;font-weight:300;font-display:swap;src:url(/media/rtwe/assets/vendor/fonts/lato-normal-300-latin-ext.woff2) format("woff2");unicode-range:U+100-2AF,U+304,U+308,U+329,U+1E00-1E9F,U+1EF2-1EFF,U+2020,U+20A0-20AB,U+20AD-20C0,U+2113,U+2C60-2C7F,U+A720-A7FF}@font-face{font-family:"Lato";font-style:normal;font-weight:300;font-display:swap;src:url(/media/rtwe/assets/vendor/fonts/lato-normal-300-latin.woff2) format("woff2");unicode-range:U+0-FF,U+131,U+152-153,U+2BB-2BC,U+2C6,U+2DA,U+2DC,U+304,U+308,U+329,U+2000-206F,U+2074,U+20AC,U+2122,U+2191,U+2193,U+2212,U+2215,U+FEFF,U+FFFD}@font-face{font-family:"Lato";font-style:normal;font-weight:400;font-display:swap;src:url(/media/rtwe/assets/vendor/fonts/lato-normal-400-latin-ext.woff2) format("woff2");unicode-range:U+100-2AF,U+304,U+308,U+329,U+1E00-1E9F,U+1EF2-1EFF,U+2020,U+20A0-20AB,U+20AD-20C0,U+2113,U+2C60-2C7F,U+A720-A7FF}@font-face{font-family:"Lato";font-style:normal;font-weight:400;font-display:swap;src:url(/media/rtwe/assets/vendor/fonts/lato-normal-400-latin.woff2) format("woff2");unicode-range:U+0-FF,U+131,U+152-153,U+2BB-2BC,U+2C6,U+2DA,U+2DC,U+304,U+308,U+329,U+2000-206F,U+2074,U+20AC,U+2122,U+2191,U+2193,U+2212,U+2215,U+FEFF,U+FFFD}@font-face{font-family:"Lato";font-style:normal;font-weight:700;font-display:swap;src:url(/media/rtwe/assets/vendor/fonts/lato-normal-700-latin-ext.woff2) format("woff2");unicode-range:U+100-2AF,U+304,U+308,U+329,U+1E00-1E9F,U+1EF2-1EFF,U+2020,U+20A0-20AB,U+20AD-20C0,U+2113,U+2C60-2C7F,U+A720-A7FF}@font-face{font-family:"Lato";font-style:normal;font-weight:700;font-display:swap;src:url(/media/rtwe/assets/vendor/fonts/lato-normal-700-latin.woff2) format("woff2");unicode-range:U+0-FF,U+131,U+152-153,U+2BB-2BC,U+2C6,U+2DA,U+2DC,U+304,U+308,U+329,U+2000-206F,U+2074,U+20AC,U+2122,U+2191,U+2193,U+2212,U+2215,U+FEFF,U+FFFD}@font-face{font-family:"Oswald";font-style:normal;font-weight:300;font-display:swap;src:url(/media/rtwe/assets/vendor/fonts/oswald-normal-300-cyrillic-ext.woff2) format("woff2");unicode-range:U+460-52F,U+1C80-1C88,U+20B4,U+2DE0-2DFF,U+A640-A69F,U+FE2E-FE2F}@font-face{font-family:"Oswald";font-style:normal;font-weight:300;font-display:swap;src:url(/media/rtwe/assets/vendor/fonts/oswald-normal-300-cyrillic.woff2) format("woff2");unicode-range:U+301,U+400-45F,U+490-491,U+4B0-4B1,U+2116}@font-face{font-family:"Oswald";font-style:normal;font-weight:300;font-display:swap;src:url(/media/rtwe/assets/vendor/fonts/oswald-normal-300-vietnamese.woff2) format("woff2");unicode-range:U+102-103,U+110-111,U+128-129,U+168-169,U+1A0-1A1,U+1AF-1B0,U+300-301,U+303-304,U+308-309,U+323,U+329,U+1EA0-1EF9,U+20AB}@font-face{font-family:"Oswald";font-style:normal;font-weight:300;font-display:swap;src:url(/media/rtwe/assets/vendor/fonts/oswald-normal-300-latin-ext.woff2) format("woff2");unicode-range:U+100-2AF,U+304,U+308,U+329,U+1E00-1E9F,U+1EF2-1EFF,U+2020,U+20A0-20AB,U+20AD-20C0,U+2113,U+2C60-2C7F,U+A720-A7FF}@font-face{font-family:"Oswald";font-style:normal;font-weight:300;font-display:swap;src:url(/media/rtwe/assets/vendor/fonts/oswald-normal-300-latin.woff2) format("woff2");unicode-range:U+0-FF,U+131,U+152-153,U+2BB-2BC,U+2C6,U+2DA,U+2DC,U+304,U+308,U+329,U+2000-206F,U+2074,U+20AC,U+2122,U+2191,U+2193,U+2212,U+2215,U+FEFF,U+FFFD}@font-face{font-family:"Oswald";font-style:normal;font-weight:400;font-display:swap;src:url(/media/rtwe/assets/vendor/fonts/oswald-normal-400-cyrillic-ext.woff2) format("woff2");unicode-range:U+460-52F,U+1C80-1C88,U+20B4,U+2DE0-2DFF,U+A640-A69F,U+FE2E-FE2F}@font-face{font-family:"Oswald";font-style:normal;font-weight:400;font-display:swap;src:url(/media/rtwe/assets/vendor/fonts/oswald-normal-400-cyrillic.woff2) format("woff2");unicode-range:U+301,U+400-45F,U+490-491,U+4B0-4B1,U+2116}@font-face{font-family:"Oswald";font-style:normal;font-weight:400;font-display:swap;src:url(/media/rtwe/assets/vendor/fonts/oswald-normal-400-vietnamese.woff2) format("woff2");unicode-range:U+102-103,U+110-111,U+128-129,U+168-169,U+1A0-1A1,U+1AF-1B0,U+300-301,U+303-304,U+308-309,U+323,U+329,U+1EA0-1EF9,U+20AB}@font-face{font-family:"Oswald";font-style:normal;font-weight:400;font-display:swap;src:url(/media/rtwe/assets/vendor/fonts/oswald-normal-400-latin-ext.woff2) format("woff2");unicode-range:U+100-2AF,U+304,U+308,U+329,U+1E00-1E9F,U+1EF2-1EFF,U+2020,U+20A0-20AB,U+20AD-20C0,U+2113,U+2C60-2C7F,U+A720-A7FF}@font-face{font-family:"Oswald";font-style:normal;font-weight:400;font-display:swap;src:url(/media/rtwe/assets/vendor/fonts/oswald-normal-400-latin.woff2) format("woff2");unicode-range:U+0-FF,U+131,U+152-153,U+2BB-2BC,U+2C6,U+2DA,U+2DC,U+304,U+308,U+329,U+2000-206F,U+2074,U+20AC,U+2122,U+2191,U+2193,U+2212,U+2215,U+FEFF,U+FFFD}.header{width:100%;background:#321428}.header__container{padding:10px;display:-ms-grid;display:grid;-ms-grid-columns:auto 1fr;grid-template-columns:auto 1fr;-ms-grid-rows:auto;grid-template-rows:auto;grid-gap:10px;max-width:1500px;width:100%;margin:0 auto}@media(min-width:768px){.header__container{-ms-grid-columns:auto 1fr auto;grid-template-columns:auto 1fr auto;-ms-grid-rows:30px 40px;grid-template-rows:30px 40px;grid-gap:20px}}@media(min-width:960px){.header__container{-ms-grid-columns:21.6% 1fr 25.7%;grid-template-columns:21.6% 1fr 25.7%;padding:10px 20px 15px;height:115px}}.header__container .header__logo{-ms-grid-column:1;-ms-grid-column-span:1;grid-column-start:1;grid-column-end:2;-ms-grid-row:1;-ms-grid-row-span:1;grid-row-start:1;grid-row-end:2;display:block;margin:0 auto;padding:0 10px 0 0;position:relative}@media(min-width:768px){.header__container .header__logo{-ms-grid-row:1;-ms-grid-row-span:2;grid-row-start:1;grid-row-end:3;-ms-grid-row-align:end;align-self:end;padding:0;margin:0}}.header__container .header__logo-text{position:absolute;left:0;top:0;opacity:0;font-size:12px}.header__logo-link{-ms-grid-column:1;-ms-grid-column-span:1;grid-column-start:1;grid-column-end:2;-ms-grid-row:1;-ms-grid-row-span:1;grid-row-start:1;grid-row-end:2;display:block;margin:0 auto;padding:0 10px 0 0;max-width:none;width:80px}@media(min-width:768px){.header__logo-link{-ms-grid-row:1;-ms-grid-row-span:2;grid-row-start:1;grid-row-end:3;-ms-grid-row-align:end;align-self:end;padding:0;margin:0}}@media(min-width:360px){.header__logo-link{width:100px}}@media(min-width:450px){.header__logo-link{width:160px}}@media(min-width:660px){.header__logo-link{width:200px}}@media(min-width:1200px){.header__logo-link{width:240px}}.header__logo-image{width:100%}.header__logo-image--mobile{display:block}@media(min-width:450px){.header__logo-image--mobile{display:none}}.header__logo-image--desktop{display:none}@media(min-width:450px){.header__logo-image--desktop{display:block}}.header__container--checkout{padding:10px;width:100%;max-width:1500px;margin:0 auto}.header__logo--checkout{display:block;margin:0 auto;max-width:none;width:auto}.header__logo-link--checkout{display:block;width:220px;margin:0 auto}.header__logo-partner{-ms-grid-column:3;-ms-grid-column-span:1;grid-column-start:3;grid-column-end:4;-ms-grid-row:1;-ms-grid-row-span:1;grid-row-start:1;grid-row-end:2;display:block;margin:0 auto;max-width:none;width:auto}@media(min-width:768px){.header__logo-partner{-ms-grid-row:1;-ms-grid-row-span:2;grid-row-start:1;grid-row-end:3;-ms-grid-row-align:end;align-self:end;-ms-grid-column-align:end;justify-self:end;padding:0;margin:0}}.header-nav{display:none}@media(min-width:960px){.header-nav{-ms-grid-column:2;-ms-grid-column-span:1;grid-column-start:2;grid-column-end:3;-ms-grid-row:2;-ms-grid-row-span:1;grid-row-start:2;grid-row-end:3;-ms-grid-row-align:end;align-self:end;display:flex;flex-direction:row;flex-wrap:nowrap;justify-content:flex-end;gap:20px}}.header-nav__link{font-family:"Lato",arial,sans-serif;font-size:16px;font-weight:400;letter-spacing:.02em;line-height:1.5;text-transform:none;position:relative;display:block;color:#bbac78;letter-spacing:.05em;line-height:1.2;text-transform:uppercase}.header-nav__link:hover::after,.header-nav__link--active::after{display:block;position:absolute;left:0;bottom:-20px;width:100%;height:5px;content:"";background-color:#f0f0f0}.header__search{-ms-grid-column:1;-ms-grid-column-span:2;grid-column-start:1;grid-column-end:3;-ms-grid-row:2;-ms-grid-row-span:1;grid-row-start:2;grid-row-end:3;display:none}@media(min-width:768px){.header__search{-ms-grid-column:2;-ms-grid-column-span:1;grid-column-start:2;grid-column-end:3;-ms-grid-row-align:end;align-self:end;width:100%;display:block}}@media(min-width:960px){.header__search{margin-top:0}}.header__content{-ms-grid-column:2;-ms-grid-column-span:1;grid-column-start:2;grid-column-end:3;-ms-grid-row-align:center;align-self:center;position:relative;right:auto;width:auto;top:auto;background-color:transparent}@media(min-width:768px){.header__content{-ms-grid-column:3;-ms-grid-column-span:1;grid-column-start:3;grid-column-end:4;-ms-grid-row:2;-ms-grid-row-span:1;grid-row-start:2;grid-row-end:3;-ms-grid-row-align:center;align-self:center}}.header__buttons{display:flex;flex-direction:row;flex-wrap:nowrap;justify-content:flex-end;gap:20px}@media(min-width:450px){.header__buttons{gap:30px}}.header-button{display:block;text-align:center;color:#bbac78;width:23px;height:25px}.header-button>*{pointer-events:none}.header-button--search{display:block}@media(min-width:768px){.header-button--search{display:none}}.header-button--delivery{display:none}@media(min-width:768px){.header-button--delivery{display:block}}.header-button--currency{width:29.33px}.header-button--currency .header-button__label{text-transform:uppercase}.header-button--basket{position:relative}.header-button:hover{color:#ff7010}@media(min-width:1200px){.header-button--menu{display:none}}@media(min-width:768px){.header-button--search{display:none}}.header-button__icon{font-size:1.4em;line-height:1}.header-button__image{width:auto;height:22px;margin:2px auto 1px}.header-button__label{font-family:"Lato",arial,sans-serif;font-size:12px;font-weight:400;letter-spacing:.02em;line-height:1.5;text-transform:none}.header-links{display:none}@media(min-width:768px){.header-links{-ms-grid-column:2;-ms-grid-column-span:2;grid-column-start:2;grid-column-end:4;-ms-grid-row:1;-ms-grid-row-span:1;grid-row-start:1;grid-row-end:2;display:flex;flex-direction:row;flex-wrap:nowrap;justify-content:flex-end;gap:15px;padding-bottom:15px}}@media(min-width:960px){.header-links{min-height:29px}}.header-links__link{font-family:"Lato",arial,sans-serif;font-size:12px;font-weight:400;letter-spacing:.02em;line-height:1.5;text-transform:none;line-height:1.2;color:#ccc}@media(min-width:768px){.header-links__link{border-right:1px solid #ccc;padding-right:15px}.header-links__link:last-child{border-right:0;padding-right:0}}.header-links__link:hover{color:#ff7010}.header-link__label{display:none;position:absolute;top:-3px;right:-7px;border-radius:50%;background-color:#dc5800;color:#fff;width:19px;min-height:19px;justify-content:center;align-items:center}.header-link__label--open{display:flex}.header-pop{display:none;position:absolute;z-index:1100;top:100%;top:calc(100% + 18px);right:0;width:100%;background:#fff;background:-moz-linear-gradient(top,#fff 0,#fff 65%,#e7e7e7 100%);background:-webkit-linear-gradient(top,#fff 0,#fff 65%,#e7e7e7 100%);background:linear-gradient(to bottom,#fff 0,#fff 65%,#e7e7e7 100%);-webkit-box-shadow:0 0 5px 1px rgba(0,0,0,.25);box-shadow:0 0 5px 1px rgba(0,0,0,.25)}@media(min-width:660px){.header-pop{width:350px}}.header-pop--open{display:block}.header-pop__connector{position:absolute;top:-15px;right:0;margin-left:-15px;content:"";width:0;height:0;border-bottom:solid 15px #fff;border-left:solid 15px transparent;border-right:solid 15px transparent}.header-search{position:relative;display:block;width:100%;background:#fff;border-radius:5px;padding-right:0;border:0}@media(min-width:768px){.header-search{-ms-grid-column:2;-ms-grid-column-span:1;grid-column-start:2;grid-column-end:3;min-height:40px}}.header-search__input{width:100%;min-height:40px;padding-left:10px;border:0;background:none;line-height:1;color:#562345;font-size:16px}@media(min-width:960px){.header-search__input{padding-left:21px}}.header-search__button{position:absolute;top:0;right:0;width:40px;min-height:40px;cursor:pointer;line-height:35px;text-align:center;color:#562345;background-color:transparent}.header-search__button>*{pointer-events:none}.header-search--v2{border-radius:0}.header-search--v2 .header-search__input{padding-left:40px}.header-search--v2 .header-search__button{left:0}.header-search__button:hover{color:#ff7010}.header-settings{*zoom:1;padding:5px}.header-settings:before,.header-settings:after{content:" ";display:table}.header-settings:after{clear:both}.header-settings__currency{float:left;width:100%;padding:5px}.header-settings__country{float:left;width:100%;padding:5px}.header-settings__label{font-family:"Oswald",arial,sans-serif;font-size:.5em;letter-spacing:.11em;text-transform:uppercase;color:#562345}@media(min-width:768px){.header-settings__label{font-size:.6em}}@media(min-width:960px){.header-settings__label{font-size:.7em}}.header-settings__input{width:100%;min-height:35px;padding-left:10px;border:1px solid #b3b3b3;line-height:1}.header-settings__button{float:left;width:100%;padding:5px;text-align:center}.autocomplete{overflow:auto;background:#321428;color:#fff}.autocomplete__suggestion{overflow:hidden;padding:5px 10px;white-space:nowrap}.autocomplete__suggestion--selected{background:rgba(187,172,120,.15)}.autocomplete__highlighted{color:#bbac78}@charset "UTF-8";.breadcrumb{background-color:#fff;overflow:hidden}.breadcrumb__list{padding:15px 20px;display:flex;flex-wrap:nowrap;justify-content:flex-start;align-content:center;align-items:baseline;width:100%;max-width:1500px;margin:0 auto;overflow-x:auto}.breadcrumb__link{font-family:"Lato",arial,sans-serif;font-size:14px;font-weight:400;letter-spacing:.02em;line-height:1.5;text-transform:none;white-space:nowrap;color:#333}a.breadcrumb__link:hover{color:#ff7010;text-decoration:underline}.breadcrumb__item{display:flex;flex-wrap:nowrap;justify-content:flex-start;align-content:center;align-items:center}.breadcrumb__item:after{display:inline-block;content:"  ›  ";font-size:20px;margin-top:-3px;width:22px;height:24px;text-align:center}.breadcrumb__list .breadcrumb__item:last-child:after{content:""}.breadcrumb-bar__special{padding:10px;font-family:"Lato",arial,sans-serif;font-size:16px;font-weight:400;letter-spacing:.02em;line-height:1.5;text-transform:none;letter-spacing:.1em;text-transform:uppercase;text-align:center;font-weight:600}@media(min-width:960px){.breadcrumb-bar__special{padding:20px}}.breadcrumb-bar__special .highlighted{color:#a99a6f}.breadcrumb-bar__special .tandc{font-family:"Lato",arial,sans-serif;font-size:16px;font-weight:400;letter-spacing:.02em;line-height:1.5;text-transform:none;text-transform:none}.navbar{background:#e7e7e7;position:fixed;top:0;right:0;height:100vh;width:100%;overflow:auto;transition:transform .4s ease;transform:translateX(100%);-webkit-overflow-scrolling:touch;z-index:999}@media(min-width:660px){.navbar{width:50%;height:55.6px}}@media(min-width:1200px){.navbar{position:static;width:100%;max-width:100%;background-color:#f0f0f0;overflow:hidden;transform:none;-webkit-overflow-scrolling:auto}}@media(min-width:1200px){.navbar{height:55.6px}}.navbar__wrapper{display:flex;flex-direction:column;width:100%;margin:0 auto}@media(min-width:960px){.navbar__wrapper{flex-direction:row;justify-content:space-between;max-width:1500px;margin:0 auto}}.navbar__container{border-bottom:1px solid #ccc19a}@media(min-width:960px){.navbar__container{overflow:hidden;border-bottom:0;padding-top:0;flex:1 0 auto;align-self:stretch}}@media(min-width:1200px){.navbar__container{flex:none;display:inline-block}}@media(min-width:960px){.navbar__container:last-of-type{margin-right:0}}.navbar__link{font-family:"Lato",arial,sans-serif;font-size:14px;font-weight:400;letter-spacing:.02em;line-height:1.5;text-transform:none;letter-spacing:.1em;text-transform:uppercase;display:block;padding:20px;letter-spacing:normal;line-height:1.2;text-decoration:none;color:#000}@media(min-width:960px){.navbar__link{padding:20px 10px;z-index:100;text-align:center;font-size:12px;height:100%}}@media(min-width:1500px){.navbar__link{display:block;font-size:14px}}.navbar__link>*{pointer-events:none}.navbar__link--active{color:#ff7010;background:#e7e7e7}@media(min-width:960px){.navbar__link--active{color:#562345;background:#fff}}@media(min-width:960px){.navbar__line{display:block}}@media(min-width:1500px){.navbar__line{display:inline}}.navbar__link--special{color:#ff7010;display:flex;justify-content:center;align-items:center;height:100%}.navbar__link--special-christmas{background-color:#8f0839;color:#fff;display:flex;justify-content:center;align-items:center;height:100%}.navbar__link--special-inspire{background-color:#004000;color:#fff;display:flex;justify-content:center;align-items:center;height:100%}.subnav{background:#fff;width:100%;display:none}@media(min-width:960px){.subnav{position:absolute;left:0;z-index:999;background:-moz-linear-gradient(top,#fff 0,#fff 65%,#e7e7e7 100%);background:-webkit-linear-gradient(top,#fff 0,#fff 65%,#e7e7e7 100%);background:linear-gradient(to bottom,#fff 0,#fff 65%,#e7e7e7 100%)}}</style><style>.trust-bar{height:36px;overflow:hidden;background-color:#F0F0F0;position:relative;border-bottom:none}.trust-bar--hide{display:none}.trust-bar__container{width:100%;max-width:1400px;height:36px;margin:0 auto;padding:10px 20px}@media (min-width:800px){.trust-bar__container{max-width:768px;padding:10px 0}}@media (min-width:1000px){.trust-bar__container{max-width:1000px}}.trust-bar__item{padding:0 5px;font-family:"Lato",arial,sans-serif;font-size:0;text-align:center;display:-ms-grid !important;display:grid !important;-ms-grid-columns:1fr auto auto 1fr;grid-template-columns:1fr auto auto 1fr;-ms-grid-rows:1fr;grid-template-rows:1fr}@media (min-width:960px){.trust-bar__item:hover{background-color:transparent}}@media (min-width:1000px){.trust-bar__item{padding:0 30px}}.trust-bar__content{display:block;color:#111;text-align:center;vertical-align:middle;line-height:1.1;overflow:hidden;display:-ms-grid;display:grid;-ms-grid-rows:auto;grid-template-rows:auto;-ms-grid-columns:auto auto;grid-template-columns:auto auto;-ms-grid-column:3;-ms-grid-column-span:1;grid-column-start:3;grid-column-end:4;-ms-grid-row:1;-ms-grid-row-span:1;grid-row-start:1;grid-row-end:2}.trust-bar__content--column-invert{-ms-grid-columns:auto auto;grid-template-columns:auto auto}.trust-bar__primary-copy{font-family:"Lato",arial,sans-serif;font-size:12px;font-weight:400;letter-spacing:0.02em;line-height:1.5;text-transform:none;font-size:11px;-ms-grid-row:1;-ms-grid-row-span:1;grid-row-start:1;grid-row-end:2;-ms-grid-column:2;-ms-grid-column-span:1;grid-column-start:2;grid-column-end:3;-ms-grid-row-align:center;align-self:center;white-space:nowrap;text-overflow:ellipsis;overflow:hidden}.trust-bar__content--column-invert .trust-bar__primary-copy{-ms-grid-column:1;-ms-grid-column-span:1;grid-column-start:1;grid-column-end:2}.trust-bar__icon{display:inline-block;margin-right:5px;width:18px;height:16px;max-height:20px;vertical-align:middle;-ms-grid-row:1;-ms-grid-row-span:1;grid-row-start:1;grid-row-end:2;-ms-grid-column:1;-ms-grid-column-span:1;grid-column-start:1;grid-column-end:2}.trust-bar__content--column-invert .trust-bar__icon{-ms-grid-column:2;-ms-grid-column-span:1;grid-column-start:2;grid-column-end:3}.trust-bar__icon--trust-pilot{width:68px;height:17px;margin-left:3px;margin-right:0;margin-top:-2px}.trust-bar-countdown{display:inline-block;letter-spacing:normal;white-space:nowrap;color:#562345}.trust-bar-countdown--width-1{width:75px}.trust-bar-countdown--width-2{width:69px}.trust-bar-countdown--width-3{width:72px}.trust-bar__special{padding:5px;font-family:"Lato",arial,sans-serif;font-size:12px;font-weight:400;letter-spacing:0.02em;line-height:1.5;text-transform:none;background-color:#000;text-align:center;color:#fff}@media (min-width:960px){.trust-bar__special{padding:10px}}.trust-bar__special a,.trust-bar__special a:hover,.trust-bar__special a:visited{text-decoration:underline;color:#fff}.trust-bar__button{min-height:36px;width:36px;position:absolute;top:1px;right:0;background-color:#F0F0F0}.trust-bar__button-icon{line-height:2;font-weight:600}@media screen and (min-width:1000px){.trust-bar__container.glide .glide__slides{justify-content:center}.trust-bar__container.glide .glide__slide{width:auto;border-right:solid #111 1px}.trust-bar__container.glide .glide__slide:last-child{border-right:none}}</style><link rel="stylesheet" href="/media/rtwe/assets/application/css/twe-category-listing-bundle.min.css?v=638646733145240933"><script type="text/javascript" async="" src="https://www.googletagmanager.com/gtag/js?id=G-43BPYNRML5&amp;l=dataLayer&amp;cx=c&amp;gtm=45Fe4cc1v9116733594za204"></script><script type="text/javascript" async="" src="https://dtm.thewhiskyexchange.com/gtag/js?id=G-53RV91M60Z&amp;l=dataLayer&amp;cx=c&amp;gtm=45Fe4cc1v9116733594za204"></script><script async="" src="https://dtm.thewhiskyexchange.com/dtm.js?id=GTM-PF6MPJ6"></script><script src="https://app.termly.io/resource-blocker/baabe918-51b4-4774-8fd3-dcfaca698200?autoBlock=off" data-auto-block="off" data-website-uuid="baabe918-51b4-4774-8fd3-dcfaca698200"></script><style>.termly-styles-module-primary-c2e506{color:#4672ff}.termly-styles-module-secondary-dbc415{color:#00c999}.termly-styles-module-dangerous-ca78b3{color:#ed7474}.termly-styles-module-root-c82f71{font-size:.875em;font-family:Roboto,"Open Sans",Helvetica,Arial}.termly-styles-module-root-c82f71.termly-styles-module-disabled-f3b5ea{opacity:.5;cursor:not-allowed}.termly-styles-module-root-c82f71:not(.termly-styles-module-disabled-f3b5ea){cursor:pointer}.termly-styles-module-outline-af2c17{border-width:1px;border-radius:3px;border-style:solid;background:#fff;padding:.625em 2em}.termly-styles-module-outline-af2c17.termly-styles-module-primary-c2e506{border-color:#4672ff}.termly-styles-module-outline-af2c17.termly-styles-module-secondary-dbc415{border-color:#00c999}.termly-styles-module-outline-af2c17.termly-styles-module-dangerous-ca78b3{border-color:#ed7474}.termly-styles-module-solid-f10ff4{border-width:1px;border-radius:3px;border-style:solid;color:#fff;padding:.625em 2em}.termly-styles-module-solid-f10ff4.termly-styles-module-primary-c2e506{border-color:#4672ff;background:#4672ff}.termly-styles-module-solid-f10ff4.termly-styles-module-secondary-dbc415{border-color:#00c999;background:#00c999}.termly-styles-module-solid-f10ff4.termly-styles-module-dangerous-ca78b3{border-color:#ed7474;background:#ed7474}.termly-styles-module-text-eeb886{border:none;background:rgba(0,0,0,0);padding:0}
/*# sourceMappingURL=data:application/json;base64,eyJ2ZXJzaW9uIjozLCJzb3VyY2VzIjpbIndlYnBhY2s6Ly8uLy4uLy4uLy55YXJuL19fdmlydHVhbF9fL0B0ZXJtbHktcmVhY3QtY29tcG9uZW50cy12aXJ0dWFsLWQyMGQ4ZmJmYWIvMC9jYWNoZS9AdGVybWx5LXJlYWN0LWNvbXBvbmVudHMtbnBtLTMuNi4zLTRmNWNiNzE3MzItZWJhMmU4MWY2MC56aXAvbm9kZV9tb2R1bGVzL0B0ZXJtbHkvcmVhY3QtY29tcG9uZW50cy9zcmMvY29tcG9uZW50cy9CdXR0b24vc3R5bGVzLm1vZHVsZS5zYXNzIl0sIm5hbWVzIjpbXSwibWFwcGluZ3MiOiJBQUlBLHFDQUNFLGFBTGUsQ0FNakIsdUNBQ0UsYUFOaUIsQ0FPbkIsdUNBQ0UsYUFQYyxDQVNoQixrQ0FDRSxnQkFBQSxDQUNBLDhDQUFBLENBQ0EsdUVBQ0UsVUFBQSxDQUNBLGtCQUFBLENBQ0YsNkVBQ0UsY0FBQSxDQUVKLHFDQUNFLGdCQUFBLENBQ0EsaUJBQUEsQ0FDQSxrQkFBQSxDQUNBLGVBQUEsQ0FDQSxrQkFBQSxDQUNBLHlFQUNFLG9CQTNCYSxDQTRCZiwyRUFDRSxvQkE1QmUsQ0E2QmpCLDJFQUNFLG9CQTdCWSxDQStCaEIsbUNBQ0UsZ0JBQUEsQ0FDQSxpQkFBQSxDQUNBLGtCQUFBLENBQ0EsVUFBQSxDQUNBLGtCQUFBLENBQ0EsdUVBQ0Usb0JBeENhLENBeUNiLGtCQXpDYSxDQTBDZix5RUFDRSxvQkExQ2UsQ0EyQ2Ysa0JBM0NlLENBNENqQix5RUFDRSxvQkE1Q1ksQ0E2Q1osa0JBN0NZLENBK0NoQixrQ0FDRSxXQUFBLENBQ0Esd0JBQUEsQ0FDQSxTQUFBIiwic291cmNlc0NvbnRlbnQiOlsiJGNvbG9yLS1wcmltYXJ5OiAjNDY3MmZmXG4kY29sb3ItLXNlY29uZGFyeTogIzAwYzk5OVxuJGNvbG9yLS1kYW5nZXI6ICNlZDc0NzRcblxuLnByaW1hcnlcbiAgY29sb3I6ICRjb2xvci0tcHJpbWFyeVxuLnNlY29uZGFyeVxuICBjb2xvcjogJGNvbG9yLS1zZWNvbmRhcnlcbi5kYW5nZXJvdXNcbiAgY29sb3I6ICRjb2xvci0tZGFuZ2VyXG5cbi5yb290XG4gIGZvbnQtc2l6ZTogMC44NzVlbVxuICBmb250LWZhbWlseTogUm9ib3RvLCBcIk9wZW4gU2Fuc1wiLCBIZWx2ZXRpY2EsIEFyaWFsXG4gICYuZGlzYWJsZWRcbiAgICBvcGFjaXR5OiAwLjVcbiAgICBjdXJzb3I6IG5vdC1hbGxvd2VkXG4gICY6bm90KC5kaXNhYmxlZClcbiAgICBjdXJzb3I6IHBvaW50ZXJcblxuLm91dGxpbmVcbiAgYm9yZGVyLXdpZHRoOiAxcHhcbiAgYm9yZGVyLXJhZGl1czogM3B4XG4gIGJvcmRlci1zdHlsZTogc29saWRcbiAgYmFja2dyb3VuZDogI2ZmZlxuICBwYWRkaW5nOiAwLjYyNWVtIDJlbVxuICAmLnByaW1hcnlcbiAgICBib3JkZXItY29sb3I6ICRjb2xvci0tcHJpbWFyeVxuICAmLnNlY29uZGFyeVxuICAgIGJvcmRlci1jb2xvcjogJGNvbG9yLS1zZWNvbmRhcnlcbiAgJi5kYW5nZXJvdXNcbiAgICBib3JkZXItY29sb3I6ICRjb2xvci0tZGFuZ2VyXG5cbi5zb2xpZFxuICBib3JkZXItd2lkdGg6IDFweFxuICBib3JkZXItcmFkaXVzOiAzcHhcbiAgYm9yZGVyLXN0eWxlOiBzb2xpZFxuICBjb2xvcjogI2ZmZlxuICBwYWRkaW5nOiAwLjYyNWVtIDJlbVxuICAmLnByaW1hcnlcbiAgICBib3JkZXItY29sb3I6ICRjb2xvci0tcHJpbWFyeVxuICAgIGJhY2tncm91bmQ6ICRjb2xvci0tcHJpbWFyeVxuICAmLnNlY29uZGFyeVxuICAgIGJvcmRlci1jb2xvcjogJGNvbG9yLS1zZWNvbmRhcnlcbiAgICBiYWNrZ3JvdW5kOiAkY29sb3ItLXNlY29uZGFyeVxuICAmLmRhbmdlcm91c1xuICAgIGJvcmRlci1jb2xvcjogJGNvbG9yLS1kYW5nZXJcbiAgICBiYWNrZ3JvdW5kOiAkY29sb3ItLWRhbmdlclxuXG4udGV4dFxuICBib3JkZXI6IG5vbmVcbiAgYmFja2dyb3VuZDogdHJhbnNwYXJlbnRcbiAgcGFkZGluZzogMFxuIl0sInNvdXJjZVJvb3QiOiIifQ== */</style><style>.termly-styles-module-root-fb0fcd{display:flex;font-family:Roboto,"Open Sans",Helvetica,Arial;gap:8px}.termly-styles-module-root-fb0fcd.termly-styles-module-disabled-c85e61{cursor:not-allowed;opacity:.5}.termly-styles-module-root-fb0fcd:not(.termly-styles-module-disabled-c85e61){cursor:pointer}.termly-styles-module-checkbox-c81b5f{width:18px;height:18px;border:solid 1px #e1e3e6;border-radius:3px;background-image:linear-gradient(to top, #f2f4fb, #feffff);display:flex;flex:0 0 18px}.termly-styles-module-checkbox-c81b5f.termly-styles-module-checked-d34356{background-image:url(data:image/svg+xml;base64,PHN2ZyB4bWxucz0iaHR0cDovL3d3dy53My5vcmcvMjAwMC9zdmciIHdpZHRoPSIxMiIgaGVpZ2h0PSI5IiB2aWV3Qm94PSIwIDAgMTIgOSI+CiAgICA8ZGVmcz4KICAgICAgICA8bGluZWFyR3JhZGllbnQgaWQ9ImEiIHgxPSIwJSIgeTE9IjUwJSIgeTI9IjUwJSI+CiAgICAgICAgICAgIDxzdG9wIG9mZnNldD0iMCUiIHN0b3AtY29sb3I9IiMwMEE2REEiLz4KICAgICAgICAgICAgPHN0b3Agb2Zmc2V0PSIxMDAlIiBzdG9wLWNvbG9yPSIjNkY4OUVEIi8+CiAgICAgICAgPC9saW5lYXJHcmFkaWVudD4KICAgIDwvZGVmcz4KICAgIDxwYXRoIGZpbGw9InVybCgjYSkiIGZpbGwtcnVsZT0iZXZlbm9kZCIgZD0iTTYgMTl2LTNINHY1aDEwdi0ySDZ6IiB0cmFuc2Zvcm09InJvdGF0ZSgtNDUgLTEwLjYwNyAxNC42MjEpIi8+Cjwvc3ZnPgo=),linear-gradient(to top, #f2f4fb, #feffff);background-repeat:no-repeat;background-position:center}.termly-styles-module-input-ccc581{display:none}.termly-styles-module-label-dfa1a4{display:flex;align-items:center}
/*# sourceMappingURL=data:application/json;base64,eyJ2ZXJzaW9uIjozLCJzb3VyY2VzIjpbIndlYnBhY2s6Ly8uLy4uLy4uLy55YXJuL19fdmlydHVhbF9fL0B0ZXJtbHktcmVhY3QtY29tcG9uZW50cy12aXJ0dWFsLWQyMGQ4ZmJmYWIvMC9jYWNoZS9AdGVybWx5LXJlYWN0LWNvbXBvbmVudHMtbnBtLTMuNi4zLTRmNWNiNzE3MzItZWJhMmU4MWY2MC56aXAvbm9kZV9tb2R1bGVzL0B0ZXJtbHkvcmVhY3QtY29tcG9uZW50cy9zcmMvY29tcG9uZW50cy9DaGVja2JveC9zdHlsZXMubW9kdWxlLnNhc3MiXSwibmFtZXMiOltdLCJtYXBwaW5ncyI6IkFBR0Esa0NBQ0UsWUFBQSxDQUNBLDhDQUFBLENBQ0EsT0FBQSxDQUNBLHVFQUNFLGtCQUFBLENBQ0EsVUFBQSxDQUNGLDZFQUNFLGNBQUEsQ0FFSixzQ0FDRSxVQWRPLENBZVAsV0FmTyxDQWdCUCx3QkFBQSxDQUNBLGlCQUFBLENBQ0EsMERBQUEsQ0FDQSxZQUFBLENBQ0EsYUFBQSxDQUNBLDBFQUNFLGtHQUFBLENBQ0EsMkJBQUEsQ0FDQSwwQkFBQSxDQUVKLG1DQUNFLFlBQUEsQ0FFRixtQ0FDRSxZQUFBLENBQ0Esa0JBQUEiLCJzb3VyY2VzQ29udGVudCI6WyIkaGVpZ2h0OiAxOHB4XG4kd2lkdGg6ICRoZWlnaHRcblxuLnJvb3RcbiAgZGlzcGxheTogZmxleFxuICBmb250LWZhbWlseTogUm9ib3RvLCAnT3BlbiBTYW5zJywgSGVsdmV0aWNhLCBBcmlhbFxuICBnYXA6IDhweFxuICAmLmRpc2FibGVkXG4gICAgY3Vyc29yOiBub3QtYWxsb3dlZFxuICAgIG9wYWNpdHk6IDAuNVxuICAmOm5vdCguZGlzYWJsZWQpXG4gICAgY3Vyc29yOiBwb2ludGVyXG5cbi5jaGVja2JveFxuICB3aWR0aDogJGhlaWdodFxuICBoZWlnaHQ6ICR3aWR0aFxuICBib3JkZXI6IHNvbGlkIDFweCAjZTFlM2U2XG4gIGJvcmRlci1yYWRpdXM6IDNweFxuICBiYWNrZ3JvdW5kLWltYWdlOiBsaW5lYXItZ3JhZGllbnQodG8gdG9wLCAjZjJmNGZiLCAjZmVmZmZmKVxuICBkaXNwbGF5OiBmbGV4XG4gIGZsZXg6IDAgMCAkd2lkdGhcbiAgJi5jaGVja2VkXG4gICAgYmFja2dyb3VuZC1pbWFnZTogdXJsKC4vY2hlY2ttYXJrLnN2ZyksIGxpbmVhci1ncmFkaWVudCh0byB0b3AsICNmMmY0ZmIsICNmZWZmZmYpXG4gICAgYmFja2dyb3VuZC1yZXBlYXQ6IG5vLXJlcGVhdFxuICAgIGJhY2tncm91bmQtcG9zaXRpb246IGNlbnRlclxuXG4uaW5wdXRcbiAgZGlzcGxheTogbm9uZVxuXG4ubGFiZWxcbiAgZGlzcGxheTogZmxleFxuICBhbGlnbi1pdGVtczogY2VudGVyXG4iXSwic291cmNlUm9vdCI6IiJ9 */</style><style>.termly-styles-module-root-c60f9c{border-radius:3px;border:1px solid #ced4da;color:#363840;font-size:inherit;line-height:1.429;padding:.714em 1.0714em}
/*# sourceMappingURL=data:application/json;base64,eyJ2ZXJzaW9uIjozLCJzb3VyY2VzIjpbIndlYnBhY2s6Ly8uLy4uLy4uLy55YXJuL19fdmlydHVhbF9fL0B0ZXJtbHktcmVhY3QtY29tcG9uZW50cy12aXJ0dWFsLWQyMGQ4ZmJmYWIvMC9jYWNoZS9AdGVybWx5LXJlYWN0LWNvbXBvbmVudHMtbnBtLTMuNi4zLTRmNWNiNzE3MzItZWJhMmU4MWY2MC56aXAvbm9kZV9tb2R1bGVzL0B0ZXJtbHkvcmVhY3QtY29tcG9uZW50cy9zcmMvY29tcG9uZW50cy9JbnB1dC9zdHlsZXMubW9kdWxlLnNhc3MiXSwibmFtZXMiOltdLCJtYXBwaW5ncyI6IkFBQUEsa0NBQ0UsaUJBQUEsQ0FDQSx3QkFBQSxDQUNBLGFBQUEsQ0FDQSxpQkFBQSxDQUNBLGlCQUFBLENBQ0EsdUJBQUEiLCJzb3VyY2VzQ29udGVudCI6WyIucm9vdFxuICBib3JkZXItcmFkaXVzOiAzcHhcbiAgYm9yZGVyOiAxcHggc29saWQgI2NlZDRkYVxuICBjb2xvcjogIzM2Mzg0MFxuICBmb250LXNpemU6IGluaGVyaXRcbiAgbGluZS1oZWlnaHQ6IDEuNDI5XG4gIHBhZGRpbmc6IDAuNzE0ZW0gMS4wNzE0ZW1cblxuIl0sInNvdXJjZVJvb3QiOiIifQ== */</style><style>.termly-styles-module-root-d2a96c{height:100%}.termly-styles-module-spinner-d9d2d6{animation:termly-styles-module-rotate-d0c2b2 2s linear infinite;z-index:2;position:relative;width:100%;height:100%;display:flex}.termly-styles-module-spinner-d9d2d6 .termly-styles-module-path-da4f9d{stroke:var(--loading-circle-color, hsl(210, 70%, 75%));stroke-linecap:round;animation:termly-styles-module-dash-c05540 1.5s ease-in-out infinite}@keyframes termly-styles-module-rotate-d0c2b2{100%{transform:rotate(360deg)}}@keyframes termly-styles-module-dash-c05540{0%{stroke-dasharray:1,150;stroke-dashoffset:0}50%{stroke-dasharray:90,150;stroke-dashoffset:-35}100%{stroke-dasharray:90,150;stroke-dashoffset:-124}}
/*# sourceMappingURL=data:application/json;base64,eyJ2ZXJzaW9uIjozLCJzb3VyY2VzIjpbIndlYnBhY2s6Ly8uLy4uLy4uLy55YXJuL19fdmlydHVhbF9fL0B0ZXJtbHktcmVhY3QtY29tcG9uZW50cy12aXJ0dWFsLWQyMGQ4ZmJmYWIvMC9jYWNoZS9AdGVybWx5LXJlYWN0LWNvbXBvbmVudHMtbnBtLTMuNi4zLTRmNWNiNzE3MzItZWJhMmU4MWY2MC56aXAvbm9kZV9tb2R1bGVzL0B0ZXJtbHkvcmVhY3QtY29tcG9uZW50cy9zcmMvY29tcG9uZW50cy9Mb2FkaW5nL3N0eWxlcy5tb2R1bGUuc2FzcyJdLCJuYW1lcyI6W10sIm1hcHBpbmdzIjoiQUFBQSxrQ0FDRSxXQUFBLENBRUYscUNBQ0UsK0RBQUEsQ0FDQSxTQUFBLENBQ0EsaUJBQUEsQ0FDQSxVQUFBLENBQ0EsV0FBQSxDQUNBLFlBQUEsQ0FDQSx1RUFDRSxzREFBQSxDQUNBLG9CQUFBLENBQ0Esb0VBQUEsQ0FFSiw4Q0FDRSxLQUNFLHdCQUFBLENBQUEsQ0FFSiw0Q0FDRSxHQUNFLHNCQUFBLENBQ0EsbUJBQUEsQ0FFRixJQUNFLHVCQUFBLENBQ0EscUJBQUEsQ0FFRixLQUNFLHVCQUFBLENBQ0Esc0JBQUEsQ0FBQSIsInNvdXJjZXNDb250ZW50IjpbIi5yb290XG4gIGhlaWdodDogMTAwJVxuXG4uc3Bpbm5lclxuICBhbmltYXRpb246IHJvdGF0ZSAycyBsaW5lYXIgaW5maW5pdGVcbiAgei1pbmRleDogMlxuICBwb3NpdGlvbjogcmVsYXRpdmVcbiAgd2lkdGg6IDEwMCVcbiAgaGVpZ2h0OiAxMDAlXG4gIGRpc3BsYXk6IGZsZXhcbiAgJiAucGF0aFxuICAgIHN0cm9rZTogdmFyKC0tbG9hZGluZy1jaXJjbGUtY29sb3IsIGhzbCgyMTAsIDcwJSwgNzUlKSlcbiAgICBzdHJva2UtbGluZWNhcDogcm91bmRcbiAgICBhbmltYXRpb246IGRhc2ggMS41cyBlYXNlLWluLW91dCBpbmZpbml0ZVxuXG5Aa2V5ZnJhbWVzIHJvdGF0ZVxuICAxMDAlXG4gICAgdHJhbnNmb3JtOiByb3RhdGUoMzYwZGVnKVxuXG5Aa2V5ZnJhbWVzIGRhc2hcbiAgMCVcbiAgICBzdHJva2UtZGFzaGFycmF5OiAxLCAxNTBcbiAgICBzdHJva2UtZGFzaG9mZnNldDogMFxuXG4gIDUwJVxuICAgIHN0cm9rZS1kYXNoYXJyYXk6IDkwLCAxNTBcbiAgICBzdHJva2UtZGFzaG9mZnNldDogLTM1XG5cbiAgMTAwJVxuICAgIHN0cm9rZS1kYXNoYXJyYXk6IDkwLCAxNTBcbiAgICBzdHJva2UtZGFzaG9mZnNldDogLTEyNFxuIl0sInNvdXJjZVJvb3QiOiIifQ== */</style><style>.termly-styles-module-root-a6c3b2{display:flex;font-family:Roboto,"Open Sans",Helvetica,Arial;gap:5px}.termly-styles-module-root-a6c3b2.termly-styles-module-disabled-fda258{cursor:not-allowed}.termly-styles-module-root-a6c3b2:not(.termly-styles-module-disabled-fda258){cursor:pointer}.termly-styles-module-input-da74ea{display:none}.termly-styles-module-radio-a94319{width:15px;height:15px;border-radius:9px;border:1px solid #ced0da;background-image:linear-gradient(to top, #f2f4fb, #feffff);display:flex;justify-content:center;align-items:center}.termly-styles-module-radio-a94319.termly-styles-module-checked-e5d8eb .termly-styles-module-radio__inner-d76ba3{width:7px;height:7px;border-radius:4px;background-color:#239eeb}.termly-styles-module-radio-a94319.termly-styles-module-disabled-fda258{opacity:.5}
/*# sourceMappingURL=data:application/json;base64,eyJ2ZXJzaW9uIjozLCJzb3VyY2VzIjpbIndlYnBhY2s6Ly8uLy4uLy4uLy55YXJuL19fdmlydHVhbF9fL0B0ZXJtbHktcmVhY3QtY29tcG9uZW50cy12aXJ0dWFsLWQyMGQ4ZmJmYWIvMC9jYWNoZS9AdGVybWx5LXJlYWN0LWNvbXBvbmVudHMtbnBtLTMuNi4zLTRmNWNiNzE3MzItZWJhMmU4MWY2MC56aXAvbm9kZV9tb2R1bGVzL0B0ZXJtbHkvcmVhY3QtY29tcG9uZW50cy9zcmMvY29tcG9uZW50cy9SYWRpb0dyb3VwL1JhZGlvQnV0dG9uL3N0eWxlcy5tb2R1bGUuc2FzcyJdLCJuYW1lcyI6W10sIm1hcHBpbmdzIjoiQUFPQSxrQ0FDRSxZQUFBLENBQ0EsOENBQUEsQ0FDQSxPQUFBLENBQ0EsdUVBQ0Usa0JBQUEsQ0FDRiw2RUFDRSxjQUFBLENBRUosbUNBQ0UsWUFBQSxDQUVGLG1DQUNFLFVBQUEsQ0FDQSxXQUFBLENBQ0EsaUJBQUEsQ0FDQSx3QkFBQSxDQUNBLDBEQUFBLENBQ0EsWUFBQSxDQUNBLHNCQUFBLENBQ0Esa0JBQUEsQ0FFRSxpSEFDRSxTQUFBLENBQ0EsVUFBQSxDQUNBLGlCQUFBLENBQ0Esd0JBL0JPLENBZ0NYLHdFQUNFLFVBQUEiLCJzb3VyY2VzQ29udGVudCI6WyIvLyBUT0RPOiBTdGlsbCBuZWVkIHRvIGdldCB2YXJpYWJsZXMgZXh0cmFjdGVkIGludG8gYSBjb21tb24gc3R5bGVzaGVldFxuXG4kYXp1cmUtbmluZTogIzIzOWVlYlxuJHNpbHZlci10d286ICNjZWQwZGFcbiRmb3JtYXQtc2VsZWN0ZWQtYmx1ZS1vbmU6ICMzN2E5ZTZcbiRmb3JtYXQtc2VsZWN0ZWQtYmx1ZS10d286ICMzZjU5ZDhcblxuLnJvb3RcbiAgZGlzcGxheTogZmxleFxuICBmb250LWZhbWlseTogUm9ib3RvLCBcIk9wZW4gU2Fuc1wiLCBIZWx2ZXRpY2EsIEFyaWFsXG4gIGdhcDogNXB4XG4gICYuZGlzYWJsZWRcbiAgICBjdXJzb3I6IG5vdC1hbGxvd2VkXG4gICY6bm90KC5kaXNhYmxlZClcbiAgICBjdXJzb3I6IHBvaW50ZXJcblxuLmlucHV0XG4gIGRpc3BsYXk6IG5vbmVcblxuLnJhZGlvXG4gIHdpZHRoOiAxNXB4XG4gIGhlaWdodDogMTVweFxuICBib3JkZXItcmFkaXVzOiA5cHhcbiAgYm9yZGVyOiAxcHggc29saWQgJHNpbHZlci10d29cbiAgYmFja2dyb3VuZC1pbWFnZTogbGluZWFyLWdyYWRpZW50KHRvIHRvcCwjZjJmNGZiLCNmZWZmZmYpXG4gIGRpc3BsYXk6IGZsZXhcbiAganVzdGlmeS1jb250ZW50OiBjZW50ZXJcbiAgYWxpZ24taXRlbXM6IGNlbnRlclxuICAmLmNoZWNrZWRcbiAgICAucmFkaW9fX2lubmVyXG4gICAgICB3aWR0aDogN3B4XG4gICAgICBoZWlnaHQ6IDdweFxuICAgICAgYm9yZGVyLXJhZGl1czogNHB4XG4gICAgICBiYWNrZ3JvdW5kLWNvbG9yOiAkYXp1cmUtbmluZVxuICAmLmRpc2FibGVkXG4gICAgb3BhY2l0eTogMC41XG5cbiJdLCJzb3VyY2VSb290IjoiIn0= */</style><style>.termly-styles-module-root-a0ea7f{display:flex;flex-direction:row;font-size:1rem;font-family:Roboto,"Open Sans",Helvetica,Arial;background:#e6e7e8;align-items:center;justify-content:center;container:holder/size;flex:1;height:100%}.termly-styles-module-shadowBox-fff901{background:var(--termly-theme-background-color);border-radius:5px;border:1px solid #ddd;box-shadow:0px 0px 15px rgba(0,0,0,.15);display:inline-flex;flex-direction:column;max-width:32em;min-width:min-content;padding:2em;gap:1em}.termly-styles-module-title-b31e43{color:var(--termly-theme-color);font-size:1.25em;font-weight:500;line-height:1}.termly-styles-module-content-f5be7c{color:var(--termly-theme-color);font-size:var(--termly-theme-font-size);line-height:1.75}.termly-styles-module-buttons-e4250e{display:flex;justify-content:center;gap:.5em}.termly-styles-module-buttons-e4250e>*{font-weight:600;font-size:var(--termly-theme-font-size);width:100%}.termly-styles-module-buttons-e4250e .termly-styles-module-acceptButton-b04512{background:var(--termly-theme-button-background-color);border-color:var(--termly-theme-button-background-color) !important;color:var(--termly-theme-button-text-color) !important}.termly-styles-module-buttons-e4250e .termly-styles-module-prefsButton-c1a9b2{background:rgba(0,0,0,0);border-color:var(--termly-theme-color) !important;color:var(--termly-theme-color) !important}@container holder (height < 155px){.termly-styles-module-shadowBox-fff901{padding:6cqb;display:inline-flex;gap:.5em}.termly-styles-module-acceptButton-b04512{width:auto !important;padding:3cqb 6cqb;font-size:9cqb}.termly-styles-module-content-f5be7c{font-size:9cqb}.termly-styles-module-prefsButton-c1a9b2,.termly-styles-module-toAllowContent-f3c279,.termly-styles-module-title-b31e43{display:none}}@container holder ( width < 197px ){.termly-styles-module-buttons-e4250e .termly-styles-module-prefsButton-c1a9b2{display:none}}
/*# sourceMappingURL=data:application/json;base64,eyJ2ZXJzaW9uIjozLCJzb3VyY2VzIjpbIndlYnBhY2s6Ly8uL3NyYy9jb21wb25lbnRzL0Jsb2NrZWRDb250ZW50L3N0eWxlcy5tb2R1bGUuc2FzcyJdLCJuYW1lcyI6W10sIm1hcHBpbmdzIjoiQUFBQSxrQ0FDRSxZQUFBLENBQ0Esa0JBQUEsQ0FDQSxjQUFBLENBQ0EsOENBQUEsQ0FDQSxrQkFBQSxDQUNBLGtCQUFBLENBQ0Esc0JBQUEsQ0FDQSxxQkFBQSxDQUNBLE1BQUEsQ0FDQSxXQUFBLENBRUYsdUNBQ0UsK0NBQUEsQ0FDQSxpQkFBQSxDQUNBLHFCQUFBLENBQ0EsdUNBQUEsQ0FDQSxtQkFBQSxDQUNBLHFCQUFBLENBQ0EsY0FBQSxDQUNBLHFCQUFBLENBQ0EsV0FBQSxDQUNBLE9BQUEsQ0FFRixtQ0FDRSwrQkFBQSxDQUNBLGdCQUFBLENBQ0EsZUFBQSxDQUNBLGFBQUEsQ0FFRixxQ0FDRSwrQkFBQSxDQUNBLHVDQUFBLENBQ0EsZ0JBQUEsQ0FFRixxQ0FDRSxZQUFBLENBQ0Esc0JBQUEsQ0FDQSxRQUFBLENBRUEsdUNBQ0UsZUFBQSxDQUNBLHVDQUFBLENBQ0EsVUFBQSxDQUVGLCtFQUNFLHNEQUFBLENBQ0EsbUVBQUEsQ0FDQSxzREFBQSxDQUVGLDhFQUNFLHdCQUFBLENBQ0EsaURBQUEsQ0FDQSwwQ0FBQSxDQUVKLG1DQUNFLHVDQUNFLFlBQUEsQ0FDQSxtQkFBQSxDQUNBLFFBQUEsQ0FDRiwwQ0FDRSxxQkFBQSxDQUNBLGlCQUFBLENBQ0EsY0FBQSxDQUNGLHFDQUNFLGNBQUEsQ0FDRix3SEFHRSxZQUFBLENBQUEsQ0FFSixvQ0FFSSw4RUFDRSxZQUFBLENBQUEiLCJzb3VyY2VzQ29udGVudCI6WyIucm9vdFxuICBkaXNwbGF5OiBmbGV4XG4gIGZsZXgtZGlyZWN0aW9uOiByb3dcbiAgZm9udC1zaXplOiAxcmVtXG4gIGZvbnQtZmFtaWx5OiBSb2JvdG8sICdPcGVuIFNhbnMnLCBIZWx2ZXRpY2EsIEFyaWFsXG4gIGJhY2tncm91bmQ6ICNlNmU3ZThcbiAgYWxpZ24taXRlbXM6IGNlbnRlclxuICBqdXN0aWZ5LWNvbnRlbnQ6IGNlbnRlclxuICBjb250YWluZXI6IGhvbGRlciAvIHNpemVcbiAgZmxleDogMVxuICBoZWlnaHQ6IDEwMCVcblxuLnNoYWRvd0JveFxuICBiYWNrZ3JvdW5kOiB2YXIoLS10ZXJtbHktdGhlbWUtYmFja2dyb3VuZC1jb2xvcilcbiAgYm9yZGVyLXJhZGl1czogNXB4XG4gIGJvcmRlcjogMXB4IHNvbGlkICNkZGRcbiAgYm94LXNoYWRvdzogMHB4IDBweCAxNXB4IHJnYmEoMCwgMCwgMCwgMC4xNSlcbiAgZGlzcGxheTogaW5saW5lLWZsZXhcbiAgZmxleC1kaXJlY3Rpb246IGNvbHVtblxuICBtYXgtd2lkdGg6IDMyZW1cbiAgbWluLXdpZHRoOiBtaW4tY29udGVudFxuICBwYWRkaW5nOiAyZW1cbiAgZ2FwOiAxZW1cblxuLnRpdGxlXG4gIGNvbG9yOiB2YXIoLS10ZXJtbHktdGhlbWUtY29sb3IpXG4gIGZvbnQtc2l6ZTogMS4yNWVtXG4gIGZvbnQtd2VpZ2h0OiA1MDBcbiAgbGluZS1oZWlnaHQ6IDFcblxuLmNvbnRlbnRcbiAgY29sb3I6IHZhcigtLXRlcm1seS10aGVtZS1jb2xvcilcbiAgZm9udC1zaXplOiB2YXIoLS10ZXJtbHktdGhlbWUtZm9udC1zaXplKVxuICBsaW5lLWhlaWdodDogMS43NVxuXG4uYnV0dG9uc1xuICBkaXNwbGF5OiBmbGV4XG4gIGp1c3RpZnktY29udGVudDogY2VudGVyXG4gIGdhcDogMC41ZW1cblxuICAmID4gKlxuICAgIGZvbnQtd2VpZ2h0OiA2MDBcbiAgICBmb250LXNpemU6IHZhcigtLXRlcm1seS10aGVtZS1mb250LXNpemUpXG4gICAgd2lkdGg6IDEwMCVcblxuICAuYWNjZXB0QnV0dG9uXG4gICAgYmFja2dyb3VuZDogdmFyKC0tdGVybWx5LXRoZW1lLWJ1dHRvbi1iYWNrZ3JvdW5kLWNvbG9yKVxuICAgIGJvcmRlci1jb2xvcjogdmFyKC0tdGVybWx5LXRoZW1lLWJ1dHRvbi1iYWNrZ3JvdW5kLWNvbG9yKSAhaW1wb3J0YW50XG4gICAgY29sb3I6IHZhcigtLXRlcm1seS10aGVtZS1idXR0b24tdGV4dC1jb2xvcikgIWltcG9ydGFudFxuXG4gIC5wcmVmc0J1dHRvblxuICAgIGJhY2tncm91bmQ6IHRyYW5zcGFyZW50XG4gICAgYm9yZGVyLWNvbG9yOiB2YXIoLS10ZXJtbHktdGhlbWUtY29sb3IpICFpbXBvcnRhbnRcbiAgICBjb2xvcjogdmFyKC0tdGVybWx5LXRoZW1lLWNvbG9yKSAhaW1wb3J0YW50XG5cbkBjb250YWluZXIgaG9sZGVyIChoZWlnaHQgPCAxNTVweClcbiAgLnNoYWRvd0JveFxuICAgIHBhZGRpbmc6IDZjcWJcbiAgICBkaXNwbGF5OiBpbmxpbmUtZmxleFxuICAgIGdhcDogMC41ZW1cbiAgLmFjY2VwdEJ1dHRvblxuICAgIHdpZHRoOiBhdXRvICFpbXBvcnRhbnRcbiAgICBwYWRkaW5nOiAzY3FiIDZjcWJcbiAgICBmb250LXNpemU6IDljcWJcbiAgLmNvbnRlbnRcbiAgICBmb250LXNpemU6IDljcWJcbiAgLnByZWZzQnV0dG9uLFxuICAudG9BbGxvd0NvbnRlbnQsXG4gIC50aXRsZVxuICAgIGRpc3BsYXk6IG5vbmVcblxuQGNvbnRhaW5lciBob2xkZXIgKCB3aWR0aCA8IDE5N3B4IClcbiAgLmJ1dHRvbnNcbiAgICAucHJlZnNCdXR0b25cbiAgICAgIGRpc3BsYXk6IG5vbmVcbiJdLCJzb3VyY2VSb290IjoiIn0= */</style><script>window.dataLayer=window.dataLayer||[];</script><script>(function(w,d,s,l,i){w[l]=w[l]||[];w[l].push({'gtm.start':new Date().getTime(),event:'gtm.js'});var f=d.getElementsByTagName(s)[0],j=d.createElement(s),dl=l!='dataLayer'?'&l='+l:'';j.async=true;j.src='https://dtm.thewhiskyexchange.com/dtm.js?id='+i+dl+'';f.parentNode.insertBefore(j,f);})(window,document,'script','dataLayer','GTM-PF6MPJ6');</script><script>var _gaq=_gaq||[];function gtag(){dataLayer.push(arguments);}
dataLayer.push({'basket_data':{"products":[]}});if(_gaq){_gaq.push(['trackPageInformation','gb','SK','',''])}</script><link rel="shortcut icon" href="/media/rtwe/assets/application/images/common/favicon.ico"><link rel="search" type="application/opensearchdescription+xml" href="/media/rtwe/assets/application/xml/opensearch.xml" title="The Whisky Exchange"><link rel="stylesheet" href="/media/rtwe/assets/application/css/twe-category-listing-deferred-bundle.min.css?v=638597655543815292" as="style" onload="this.onload=null;this.rel='stylesheet'"><noscript><link rel=stylesheet href="/media/rtwe/assets/application/css/twe-category-listing-deferred-bundle.min.css?v=638597655543815292"></noscript><link rel="canonical" href="https://www.thewhiskyexchange.com/search/all/scotch-whisky"><script>var tweSite=tweSite||{};tweSite.components=tweSite.components||{};tweSite.data=tweSite.data||{};tweSite.feature=tweSite.feature||{};tweSite.global=tweSite.global||{};tweSite.sections=tweSite.sections||{};tweSite.services=tweSite.services||{};tweSite.site=tweSite.site||{};tweSite.utilities=tweSite.utilities||{};</script><link rel="stylesheet" href="/media/rtwe/assets/application/css/_layout/footer.css?v=638671737743652160" as="style" onload="this.onload=null;this.rel='stylesheet'"><noscript><link rel=stylesheet href="/media/rtwe/assets/application/css/_layout/footer.css?v=638671737743652160"></noscript><style>.termly-styles-root-f9c495{background:var(--termly-theme-mask-background);position:fixed;overflow:auto;width:100%;height:100%;top:0;left:0;z-index:var(--termly-z-index)}.termly-styles-preventBodyScroll-caaa62{overflow:hidden}.termly-styles-modal-md-d8dcf1,.termly-styles-modal-xl-e30570{max-width:461px;width:95%;border-radius:5px;box-shadow:0 0 8px rgba(0,0,0,.3);opacity:0;margin-top:-100px;box-sizing:border-box;background:var(--termly-theme-background-color)}.termly-styles-modal-md-d8dcf1{max-width:645px}.termly-styles-modal-xl-e30570{max-width:940px;width:95%;padding:50px 52px}@media only screen and (max-width: 576px){.termly-styles-modal-xl-e30570{padding:0 0 25px}}.termly-styles-consent-banner-fa199d{left:50%;top:50%;transform:translate(-50%, -50%);position:fixed;opacity:0}
/*# sourceMappingURL=data:application/json;base64,eyJ2ZXJzaW9uIjozLCJzb3VyY2VzIjpbIndlYnBhY2s6Ly8uL3NyYy9jb21wb25lbnRzL0RpYWxvZy9zdHlsZXMuc2NzcyJdLCJuYW1lcyI6W10sIm1hcHBpbmdzIjoiQUFNQSwyQkFDRSw4Q0FBQSxDQUNBLGNBQUEsQ0FDQSxhQUFBLENBQ0EsVUFBQSxDQUNBLFdBQUEsQ0FDQSxLQUFBLENBQ0EsTUFBQSxDQUNBLDZCQUFBLENBR0Ysd0NBQ0UsZUFBQSxDQUdGLDhEQUdFLGVBQUEsQ0FDQSxTQUFBLENBQ0EsaUJBQUEsQ0FDQSxpQ0FBQSxDQUNBLFNBQUEsQ0FDQSxpQkFBQSxDQUNBLHFCQUFBLENBQ0EsK0NBQUEsQ0FHRiwrQkFDRSxlQUFBLENBR0YsK0JBQ0UsZUFBQSxDQUNBLFNBQUEsQ0FDQSxpQkFBQSxDQXhDQSwwQ0FxQ0YsK0JBTUksZ0JBQUEsQ0FBQSxDQUlKLHFDQUNFLFFBQUEsQ0FDQSxPQUFBLENBQ0EsK0JBQUEsQ0FDQSxjQUFBLENBQ0EsU0FBQSIsInNvdXJjZXNDb250ZW50IjpbIkBtaXhpbiBzbSB7XG4gIEBtZWRpYSBvbmx5IHNjcmVlbiBhbmQgKG1heC13aWR0aDogNTc2cHgpIHtcbiAgICBAY29udGVudDtcbiAgfVxufVxuXG4ucm9vdCB7XG4gIGJhY2tncm91bmQ6IHZhcigtLXRlcm1seS10aGVtZS1tYXNrLWJhY2tncm91bmQpO1xuICBwb3NpdGlvbjogZml4ZWQ7XG4gIG92ZXJmbG93OiBhdXRvO1xuICB3aWR0aDogMTAwJTtcbiAgaGVpZ2h0OiAxMDAlO1xuICB0b3A6IDA7XG4gIGxlZnQ6IDA7XG4gIHotaW5kZXg6IHZhcigtLXRlcm1seS16LWluZGV4KTtcbn1cblxuLnByZXZlbnRCb2R5U2Nyb2xsIHtcbiAgb3ZlcmZsb3c6IGhpZGRlbjtcbn1cblxuLm1vZGFsLW1kLFxuLm1vZGFsLXhsXG57XG4gIG1heC13aWR0aDogNDYxcHg7XG4gIHdpZHRoOiA5NSU7XG4gIGJvcmRlci1yYWRpdXM6IDVweDtcbiAgYm94LXNoYWRvdzogMCAwIDhweCByZ2JhKDAsIDAsIDAsIC4zKTtcbiAgb3BhY2l0eTogMDtcbiAgbWFyZ2luLXRvcDogLTEwMHB4O1xuICBib3gtc2l6aW5nOiBib3JkZXItYm94O1xuICBiYWNrZ3JvdW5kOiB2YXIoLS10ZXJtbHktdGhlbWUtYmFja2dyb3VuZC1jb2xvcik7XG59XG5cbi5tb2RhbC1tZCB7XG4gIG1heC13aWR0aDogNjQ1cHg7XG59XG5cbi5tb2RhbC14bCB7XG4gIG1heC13aWR0aDogOTQwcHg7XG4gIHdpZHRoOiA5NSU7XG4gIHBhZGRpbmc6IDUwcHggNTJweDtcblxuICBAaW5jbHVkZSBzbSB7XG4gICAgcGFkZGluZzogMCAwIDI1cHg7XG4gIH1cbn1cblxuLmNvbnNlbnQtYmFubmVyIHtcbiAgbGVmdDogNTAlO1xuICB0b3A6IDUwJTtcbiAgdHJhbnNmb3JtOiB0cmFuc2xhdGUoLTUwJSwgLTUwJSk7XG4gIHBvc2l0aW9uOiBmaXhlZDtcbiAgb3BhY2l0eTogMDtcbn1cbiJdLCJzb3VyY2VSb290IjoiIn0= */</style><style>.termly-styles-root-b0aebb{box-shadow:0 0 35px 0 rgba(0,0,0,.25);padding:2.5em 2.86em;box-sizing:border-box;max-height:75vh}@media screen and (max-width: 36.5em){.termly-styles-root-b0aebb{overflow-y:auto;padding-bottom:0}}.termly-styles-message-e9e76f{line-height:1.75}.termly-styles-buttons-bb7ad2{display:flex;justify-items:center;justify-content:center;gap:12px;flex-direction:row}@media screen and (max-width: 58em){.termly-styles-buttons-bb7ad2{flex-direction:row}}@media screen and (max-width: 36.5em){.termly-styles-buttons-bb7ad2{flex-direction:column-reverse;width:100%;position:sticky;bottom:0;box-sizing:border-box;border-top:1px solid #ededef;padding:2.5em 0}.termly-styles-buttons-bb7ad2>*{justify-content:center}}.termly-styles-tcfButtons-d6865a{display:flex;justify-items:center;justify-content:center;gap:12px;flex-direction:column-reverse;width:initial}@media screen and (max-width: 58em){.termly-styles-tcfButtons-d6865a{flex-direction:row}}@media screen and (max-width: 36.5em){.termly-styles-tcfButtons-d6865a{flex-direction:column-reverse;width:100%;position:sticky;bottom:0;box-sizing:border-box;border-top:1px solid #ededef;padding:2.5em 0}.termly-styles-tcfButtons-d6865a>*{justify-content:center}}.termly-styles-button-a4543c{width:12.86em;max-width:16em}@media screen and (max-width: 36.5em){.termly-styles-button-a4543c{min-width:100%}}.termly-styles-main-bf5ef8{max-width:122.5em;margin:auto}.termly-styles-logo-cc6217{display:flex;margin-bottom:15px;justify-content:center}
/*# sourceMappingURL=data:application/json;base64,eyJ2ZXJzaW9uIjozLCJzb3VyY2VzIjpbIndlYnBhY2s6Ly8uL3NyYy9jb21wb25lbnRzL1Jlc291cmNlQmxvY2tlci9Db25zZW50UHJvbXB0L0NvbnNlbnRQcm9tcHRDb250ZW50L3N0eWxlcy5zY3NzIiwid2VicGFjazovLy4vc3JjL2NvbXBvbmVudHMvUmVzb3VyY2VCbG9ja2VyL19taXhpbnMuc2NzcyJdLCJuYW1lcyI6W10sIm1hcHBpbmdzIjoiQUFFQSwyQkFDRSxxQ0FBQSxDQUNBLG9CQUFBLENBQ0EscUJBQUEsQ0FDQSxlQUFBLENDMkNBLHNDRC9DRiwyQkFPSSxlQUFBLENBQ0EsZ0JBQUEsQ0FBQSxDQUlKLDhCQUNFLGdCQUFBLENBaUNGLDhCQWRFLFlBQUEsQ0FDQSxvQkFBQSxDQUNBLHNCQUFBLENBQ0EsUUFBQSxDQWNBLGtCQUFBLENDZEEsb0NEV0YsOEJBUkksa0JBQUEsQ0FBQSxDQ1NGLHNDRERGLDhCQTdCRSw2QkFBQSxDQUNBLFVBQUEsQ0FFQSxlQUFBLENBQ0EsUUFBQSxDQUNBLHFCQUFBLENBQ0EsNEJBQUEsQ0FDQSxlQUFBLENBRUEsZ0NBQ0Usc0JBQUEsQ0FBQSxDQXlCSixpQ0FwQkUsWUFBQSxDQUNBLG9CQUFBLENBQ0Esc0JBQUEsQ0FDQSxRQUFBLENBb0JBLDZCQUFBLENBQ0EsYUFBQSxDQ3JCQSxvQ0RpQkYsaUNBZEksa0JBQUEsQ0FBQSxDQ1NGLHNDREtGLGlDQW5DRSw2QkFBQSxDQUNBLFVBQUEsQ0FFQSxlQUFBLENBQ0EsUUFBQSxDQUNBLHFCQUFBLENBQ0EsNEJBQUEsQ0FDQSxlQUFBLENBRUEsbUNBQ0Usc0JBQUEsQ0FBQSxDQWdDSiw2QkFDRSxhQUFBLENBQ0EsY0FBQSxDQ2RBLHNDRFlGLDZCQUtJLGNBQUEsQ0FBQSxDQUlKLDJCQUNFLGlCQUFBLENBQ0EsV0FBQSxDQUdGLDJCQUNFLFlBQUEsQ0FDQSxrQkFBQSxDQUNBLHNCQUFBIiwic291cmNlc0NvbnRlbnQiOlsiQGltcG9ydCAnLi4vLi4vbWl4aW5zJztcblxuLnJvb3Qge1xuICBib3gtc2hhZG93OiAwIDAgMzVweCAwIHJnYmEoMCwgMCwgMCwgLjI1KTtcbiAgcGFkZGluZzogMi41ZW0gMi44NmVtO1xuICBib3gtc2l6aW5nOiBib3JkZXItYm94O1xuICBtYXgtaGVpZ2h0OiA3NXZoO1xuXG4gIEBpbmNsdWRlIHh4cygpIHtcbiAgICBvdmVyZmxvdy15OiBhdXRvO1xuICAgIHBhZGRpbmctYm90dG9tOiAwO1xuICB9XG59XG5cbi5tZXNzYWdlIHtcbiAgbGluZS1oZWlnaHQ6IDEuNzU7XG59XG5cbkBtaXhpbiBtb2JpbGVCdXR0b25TdHlsZXMge1xuICBmbGV4LWRpcmVjdGlvbjogY29sdW1uLXJldmVyc2U7XG4gIHdpZHRoOiAxMDAlO1xuXG4gIHBvc2l0aW9uOiBzdGlja3k7XG4gIGJvdHRvbTogMDtcbiAgYm94LXNpemluZzogYm9yZGVyLWJveDtcbiAgYm9yZGVyLXRvcDogMXB4IHNvbGlkICNlZGVkZWY7XG4gIHBhZGRpbmc6IDIuNWVtIDA7XG5cbiAgJiA+ICoge1xuICAgIGp1c3RpZnktY29udGVudDogY2VudGVyO1xuICB9XG59XG5cbkBtaXhpbiBjb21tb25CdXR0b25TdHlsZXMoKSB7XG4gIGRpc3BsYXk6IGZsZXg7XG4gIGp1c3RpZnktaXRlbXM6IGNlbnRlcjtcbiAganVzdGlmeS1jb250ZW50OiBjZW50ZXI7XG4gIGdhcDogMTJweDtcblxuICBAaW5jbHVkZSBzbSgpIHtcbiAgICBmbGV4LWRpcmVjdGlvbjogcm93O1xuICB9XG5cbiAgQGluY2x1ZGUgeHhzKCkge1xuICAgIEBpbmNsdWRlIG1vYmlsZUJ1dHRvblN0eWxlcygpO1xuICB9XG59XG5cbi5idXR0b25zIHtcbiAgQGluY2x1ZGUgY29tbW9uQnV0dG9uU3R5bGVzO1xuXG4gIGZsZXgtZGlyZWN0aW9uOiByb3c7XG59XG5cbi50Y2ZCdXR0b25zIHtcbiAgQGluY2x1ZGUgY29tbW9uQnV0dG9uU3R5bGVzKCk7XG5cbiAgZmxleC1kaXJlY3Rpb246IGNvbHVtbi1yZXZlcnNlO1xuICB3aWR0aDogaW5pdGlhbDtcbn1cblxuLmJ1dHRvbiB7XG4gIHdpZHRoOiAxMi44NmVtO1xuICBtYXgtd2lkdGg6IDE2ZW07XG5cbiAgQGluY2x1ZGUgeHhzKCkge1xuICAgIG1pbi13aWR0aDogMTAwJTtcbiAgfVxufVxuXG4ubWFpbiB7XG4gIG1heC13aWR0aDogMTIyLjVlbTtcbiAgbWFyZ2luOiBhdXRvO1xufVxuXG4ubG9nbyB7XG4gIGRpc3BsYXk6IGZsZXg7XG4gIG1hcmdpbi1ib3R0b206IDE1cHg7XG4gIGp1c3RpZnktY29udGVudDogY2VudGVyO1xufVxuIiwiJGNvZGdyYXk6ICMxNDE0MTQ7XG4kbWluZXNoYWZ0OiAjMmEyYTJhO1xuJG1lcmN1cnk6ICNlNGU0ZTQ7XG4kd2F0ZXItYmx1ZS1zZXZlbjogIzBkYTNkYztcbiRkYXJrLWJsdWUtZ3JleTogIzE5MjQzYztcbiRibHVleS1ncmV5LXRocmVlOiAjOGI5M2E3O1xuJGJsYWNrLXR3bzogIzNhM2EzYTtcbiR2ZXJ5LWxpZ2h0LXBpbms6ICNlNmU2ZTY7XG4kcGlua2lzaC1ncmV5LXRocmVlOiAjYmZiZmJmO1xuJGF6dXJlLWVpZ2h0OiAjMmJiNGUwO1xuJGF6dXJlLXNpeDogIzFhOThlYjtcbiR3aGl0ZTogI2ZmZjtcbiR3aGl0ZS10d286ICNmOWY5Zjk7XG4kYmxhY2s6ICMwMDA7XG4kcmVwbGFjZW1lbnQtdGl0bGU6ICMxZjFlMzM7XG4kcmVwbGFjZW1lbnQtZGVzY3JpcHRpb246ICMzMDMwMzA7XG4kcmVwbGFjZW1lbnQtYWNjZXB0OiAjM2I5Y2Y2O1xuJGdyZXlpc2gtYnJvd246ICMzYjNiM2I7XG4kcGFsZS1ncmV5LXRocmVlOiAjZWRlZGVmO1xuJHBhbGUtZ3JleS1mb3VyOiAjZjdmOWZjO1xuJHN0ZWVsOiAjODY4ZTk2O1xuJGNoYXJjb2FsLWdyZXk6ICMzNjM4NDA7XG4kYmx1ZS1ncmV5OiAjODA4YmE0O1xuXG5AbWl4aW4gbGcge1xuICBAbWVkaWEgb25seSBzY3JlZW4gYW5kIChtYXgtd2lkdGg6IDk1ZW0pIHtcbiAgICBAY29udGVudDtcbiAgfVxufVxuXG5AbWl4aW4gbWQge1xuICBAbWVkaWEgb25seSBzY3JlZW4gYW5kIChtYXgtd2lkdGg6IDcwZW0pIHtcbiAgICBAY29udGVudDtcbiAgfVxufVxuXG5AbWl4aW4gc20ge1xuICBAbWVkaWEgc2NyZWVuIGFuZCAobWF4LXdpZHRoOiA1OGVtKSB7XG4gICAgQGNvbnRlbnQ7XG4gIH1cbn1cblxuQG1peGluIHhzIHtcbiAgQG1lZGlhIHNjcmVlbiBhbmQgKG1heC13aWR0aDogNDZlbSkge1xuICAgIEBjb250ZW50O1xuICB9XG59XG5cbkBtaXhpbiB4eHMge1xuICBAbWVkaWEgc2NyZWVuIGFuZCAobWF4LXdpZHRoOiAzNi41ZW0pIHtcbiAgICBAY29udGVudDtcbiAgfVxufVxuXG5AbWl4aW4geHh4cyB7XG4gIEBtZWRpYSBzY3JlZW4gYW5kIChtYXgtd2lkdGg6IDIzLjEyNWVtKSB7XG4gICAgQGNvbnRlbnQ7XG4gIH1cbn1cblxuQG1peGluIHNldEZvbnQoJGZvbnQtZmFtaWx5LCAkZm9udC1zaXplLCAkY29sb3IsICRmb250LXdlaWdodDogNTAwKSB7XG4gIGZvbnQtZmFtaWx5OiAkZm9udC1mYW1pbHk7XG4gIGZvbnQtc2l6ZTogJGZvbnQtc2l6ZTtcbiAgZm9udC13ZWlnaHQ6ICRmb250LXdlaWdodDtcbiAgY29sb3I6ICRjb2xvcjtcbn1cbiJdLCJzb3VyY2VSb290IjoiIn0= */</style><style>.termly-styles-main-ae8c4f{border-radius:5px;border-width:0;width:45.7em;max-width:90vw}.termly-styles-main-ae8c4f .termly-styles-message-a323da{margin-bottom:1.5em}
/*# sourceMappingURL=data:application/json;base64,eyJ2ZXJzaW9uIjozLCJzb3VyY2VzIjpbIndlYnBhY2s6Ly8uL3NyYy9jb21wb25lbnRzL1Jlc291cmNlQmxvY2tlci9Db25zZW50UHJvbXB0L01vZGFsL3N0eWxlcy5zY3NzIl0sIm5hbWVzIjpbXSwibWFwcGluZ3MiOiJBQUFBLDJCQUNFLGlCQUFBLENBQ0EsY0FBQSxDQUNBLFlBQUEsQ0FDQSxjQUFBLENBRUEseURBQ0UsbUJBQUEiLCJzb3VyY2VzQ29udGVudCI6WyIubWFpbiB7XG4gIGJvcmRlci1yYWRpdXM6IDVweDtcbiAgYm9yZGVyLXdpZHRoOiAwO1xuICB3aWR0aDogNDUuN2VtO1xuICBtYXgtd2lkdGg6IDkwdnc7XG5cbiAgLm1lc3NhZ2Uge1xuICAgIG1hcmdpbi1ib3R0b206IDEuNWVtO1xuICB9XG59XG4iXSwic291cmNlUm9vdCI6IiJ9 */</style><style>.termly-styles-root-d5f974{font:inherit;color:inherit;text-decoration:underline}
/*# sourceMappingURL=data:application/json;base64,eyJ2ZXJzaW9uIjozLCJzb3VyY2VzIjpbIndlYnBhY2s6Ly8uL3NyYy9jb21wb25lbnRzL1Jlc291cmNlQmxvY2tlci9UZXh0TGluay9zdHlsZXMuc2NzcyJdLCJuYW1lcyI6W10sIm1hcHBpbmdzIjoiQUFBQSwyQkFDRSxZQUFBLENBQ0EsYUFBQSxDQUNBLHlCQUFBIiwic291cmNlc0NvbnRlbnQiOlsiLnJvb3Qge1xuICBmb250OiBpbmhlcml0O1xuICBjb2xvcjogaW5oZXJpdDtcbiAgdGV4dC1kZWNvcmF0aW9uOiB1bmRlcmxpbmU7XG59XG4iXSwic291cmNlUm9vdCI6IiJ9 */</style></head><body itemscope="" itemtype="http://schema.org/WebPage" class="twe-default-header twe-gold-bar"><div id="termly-code-snippet-support" dir="ltr"><div style="--termly-theme-background-color: #f7f7f7; --termly-theme-button-background-color: #bbac78; --termly-theme-button-text-color: #ffffff; --termly-theme-color: #4a4a4a; --termly-theme-font-family: Roboto, &quot;Open Sans&quot;, Arial, Helvetica; --termly-theme-font-size: 12px; --termly-z-index: var(--termly-override-z-index, 999999);"><div class="termly-styles-root-f9c495"><div class="termly-styles-consent-banner-fa199d" style="opacity: 1;"><div><div aria-label="Cookie Consent Prompt" class="termly-styles-root-b0aebb t-consentPrompt" role="dialog" style="font-family: Roboto, &quot;Open Sans&quot;, Arial, Helvetica; font-size: 12px; color: rgb(74, 74, 74); background: rgb(247, 247, 247);"><div class="termly-styles-main-bf5ef8 termly-styles-main-ae8c4f"><div><div class="termly-styles-message-e9e76f termly-styles-message-a323da">We use essential cookies to make our site work. With your consent, we may also use non-essential cookies to improve user experience, personalise content, and analyse website traffic. For these reasons, we may share your site usage data with our analytics partners. By clicking 'Accept', you agree to our website's cookie use as described in our <span class="termly-styles-root-d5f974" role="link" tabindex="0" data-testid="cookie-policy-link">Cookie Policy</span>. You can change your cookie settings at any time by clicking “<span class="termly-styles-root-d5f974" role="link" tabindex="0" data-testid="preferences-link">Preferences</span>”.</div><div class="termly-styles-buttons-bb7ad2" style="background: rgb(247, 247, 247);"><button class="termly-styles-module-root-c82f71 termly-styles-module-primary-c2e506 termly-styles-module-outline-af2c17 termly-styles-button-a4543c t-preference-button" style="background: transparent; border-color: rgb(74, 74, 74); color: rgb(74, 74, 74); font-size: 12px; font-family: Roboto, &quot;Open Sans&quot;, Arial, Helvetica; font-weight: bold;">Preferences</button><button data-tid="banner-accept" class="termly-styles-module-root-c82f71 termly-styles-module-primary-c2e506 termly-styles-module-solid-f10ff4 termly-styles-button-a4543c t-acceptAllButton" style="background: rgb(187, 172, 120); border-color: rgb(187, 172, 120); color: rgb(255, 255, 255); font-size: 12px; font-family: Roboto, &quot;Open Sans&quot;, Arial, Helvetica; font-weight: bold;">Accept</button></div></div></div></div></div></div></div></div></div><noscript><iframe src="https://dtm.thewhiskyexchange.com/ns.html?id=GTM-PF6MPJ6" height=0 width=0 style=display:none;visibility:hidden></iframe></noscript><div id="siteWrapper" class="site-wrapper js-twe__site-wrapper"><section class="trust-bar js-trust-bar"><div class="trust-bar__container js-trust-bar--slider glide"><div class="glide__track" data-glide-el="track"><ul class="glide__slides"><li class="glide__slide"><a href="/about/awards" class="trust-bar__item" title="Online Drinks Retailer of the Year" onclick="_gaq.push(['_trackEvent','TrustBar-v2','click','Awards'])"><div class="trust-bar__content"><img class="trust-bar__icon" alt="Awards icon" src="/media/rtwe/assets/application/images/trustbar/trustbar--awards.svg" width="18" height="16"><p class="trust-bar__primary-copy">Online Drinks Retailer of the Year</p></div></a></li><li class="glide__slide"><a href="/customerservice/delivery-charges" class="trust-bar__item" title="Free UK standard delivery on orders over £100" onclick="_gaq.push(['_trackEvent','TrustBar-v2','click','FreeUKDelivery'])"><div class="trust-bar__content"><img class="trust-bar__icon" alt="Delivery icon" src="/media/rtwe/assets/application/images/trustbar/trustbar--delivery.svg" width="18" height="16"><p class="trust-bar__primary-copy">Free UK standard delivery on orders over £100</p></div></a></li><li class="glide__slide"><a href="/about/reviews" class="trust-bar__item" title="Rated 4.8/5 based on 44000+ reviews on Trustpilot" onclick="_gaq.push(['_trackEvent','TrustBar-v2','click','TrustPilot'])"><div class="trust-bar__content trust-bar__content--column-invert"><p class="trust-bar__primary-copy">Rated 4.8/5 based on 44000+ reviews on</p><img class="trust-bar__icon trust-bar__icon--trust-pilot" loading="lazy" alt="Rated 4.8/5 based on 44000+ reviews on Trustpilot" src="/media/rtwe/assets/application/images/trustbar/trustbar--trust-pilot.svg" width="68" height="17"></div></a></li></ul></div></div><button class="trust-bar__button js-trust-bar__button" title="Close trust bar"> <i class="trust-bar__button-icon fal fa-times"></i> </button></section><header class="header" role="banner" itemscope="" itemtype="http://schema.org/WPHeader"><div class="header__container"><a class="header__logo-link" href="/" title="The Whisky Exchange - World of Fine Spirits"> <picture><source srcset="/media/rtwe/assets/application/images/logos/2024/twe_festive_mobile.svg" width="90" height="56" media="(max-width: 449.9px)" alt="The Whisky Exchange - World of Fine Spirits"><source srcset="/media/rtwe/assets/application/images/logos/2024/twe_festive_desktop.svg" width="290" height="92" media="(min-width: 450px)" alt="The Whisky Exchange - World of Fine Spirits"><img src="/media/rtwe/assets/application/images/logos/2024/twe_festive_mobile.svg" width="90" height="56" alt="The Whisky Exchange - World of Fine Spirits"> </picture> </a><div id="twesearch" class="header__search"><form class="header-search header-search--v2 js-header-search--v2" id="formSearchInput"><input type="text" placeholder="Search for your perfect bottle..." class="header-search__input" id="txtSearchInput"> <button type="submit" class="header-search__button" id="btnSearchInput" name="Search" aria-label="Search"> <i class="tweicon tweicon--search"></i> </button></form></div><div class="header__content js--popcontainer"><div class="header__buttons"><a class="header-button header-button--search js-header-button--search-v2" href="#" title="Search" onclick="_gaq.push(['trackBrandNavIconClick','Search-Icon'])"><div class="header-button__icon"><i class="tweicon tweicon--search"></i></div></a> <a class="header-button header-button--delivery" href="/customerservice/delivery-charges?track=true" title="Delivery &amp; Tracking" onclick="_gaq.push(['trackBrandNavIconClick','Delivery-Icon'])"><div class="header-button__icon"><i class="tweicon tweicon--delivery"></i></div></a> <a class="header-button" href="/account/home" title="Account" onclick="_gaq.push(['trackBrandNavIconClick','Account-Icon'])"><div class="header-button__icon"><i class="tweicon tweicon--account"></i></div></a> <a class="header-button header-button--basket js--poptoggle" href="#twebasketpop" title="Basket" onclick="_gaq.push(['trackBrandNavIconClick','Basket-Icon'])"><div class="header-button__icon"><i class="tweicon tweicon--basket"></i></div><div class="header-link__label js--labelbasket"></div></a> <a class="header-button header-button--currency js--poptoggle" href="#twecurrencypop" title="Country &amp; Currency Settings" onclick="_gaq.push(['trackBrandNavIconClick','Currency-Icon'])"><div class="header-button__icon"><img class="header-button__image" src="/media/rtwe/assets/application/images/common/flag/svg/gb.svg" alt="flag" width="640" height="480"></div></a> <a class="header-button header-button--menu js--togglenav" href="#twenavigation" title="Menu"><div class="header-button__icon"><i class="tweicon tweicon--menu"></i></div></a></div><div id="twebasketpop" class="header-pop js--pop" style="top: 40px;"><div class="header-pop__connector js--popconnector" style="right: 108.823px;"></div><div class="js--basketsummary"><div id="tweBasketSummary" class="headersummary">Your basket is currently empty.</div></div></div><div id="twecurrencypop" class="header-pop js--pop" style="top: 40px;"><div class="header-pop__connector js--popconnector" style="right: 52.662px;"></div><div class="header-settings"><div class="header-settings__currency"><label for="CmbSiteCurrency" class="header-settings__label"> Currency </label> <select id="CmbSiteCurrency" class="header-settings__input"><option value="AUD"> AUD (A$) </option><option value="EUR"> EUR (€) </option><option value="GBP" selected=""> GBP (£) </option><option value="SGD"> SGD (S$) </option><option value="USD"> USD ($) </option></select></div><div class="header-settings__country"><label for="CmbSiteCountry" class="header-settings__label"> Country of delivery </label> <select id="CmbSiteCountry" class="header-settings__input"><option value="au"> Australia </option><option value="at"> Austria </option><option value="bb"> Barbados </option><option value="be"> Belgium </option><option value="bm"> Bermuda </option><option value="ky"> Cayman Islands </option><option value="gg"> Channel Islands </option><option value="cx"> Christmas Island </option><option value="cc"> Cocos (Keeling) Islands </option><option value="cy"> Cyprus </option><option value="cz"> Czechia </option><option value="dk"> Denmark </option><option value="fk"> Falkland Islands </option><option value="fr"> France </option><option value="pf"> French Polynesia </option><option value="de"> Germany </option><option value="gi"> Gibraltar </option><option value="gl"> Greenland </option><option value="hk"> Hong Kong S. A. R </option><option value="is"> Iceland </option><option value="il"> Israel </option><option value="jp"> Japan </option><option value="li"> Liechtenstein </option><option value="lu"> Luxembourg </option><option value="mo"> Macau S.A.R. </option><option value="mt"> Malta </option><option value="mq"> Martinique </option><option value="nl"> Netherlands </option><option value="nc"> New Caledonia </option><option value="nz"> New Zealand </option><option value="nf"> Norfolk Island </option><option value="no"> Norway </option><option value="pt"> Portugal </option><option value="re"> Reunion </option><option value="sc"> Seychelles </option><option value="sg"> Singapore </option><option value="si"> Slovenia </option><option value="za"> South Africa </option><option value="kr"> South Korea </option><option value="ch"> Switzerland </option><option value="tw"> Taiwan </option><option value="gb" selected=""> United Kingdom </option><option value="us"> United States </option><option value="va"> Vatican City </option></select></div><div class="header-settings__button"><button class="twe-button-sm off-gold on-grey" id="BtnSiteCountryCurrency">Update</button></div></div></div></div><nav class="header-links"> <a href="/about/events" class="header-links__link" title="Our Events" onclick="_gaq.push(['trackBrandNavLinkClick',this.innerText])">Our Events</a> <a href="/shops" class="header-links__link" title="Our Shops" onclick="_gaq.push(['trackBrandNavLinkClick',this.innerText])">Our Shops</a> <a href="/customerservice/help-ordertracking" class="header-links__link" title="Track Your Order" onclick="_gaq.push(['trackBrandNavLinkClick',this.innerText])">Track Your Order</a> <a href="/about" class="header-links__link" title="About Us" onclick="_gaq.push(['trackBrandNavLinkClick',this.innerText])">About Us</a> <a href="/customerservice/home" class="header-links__link" title="Customer Service" onclick="_gaq.push(['trackBrandNavLinkClick',this.innerText])">Customer Service</a> </nav> <input id="searchflyoutv2_generallyavailable" type="hidden" value="True"></div></header><nav class="navbar js-navbar"><div class="navbar__wrapper" itemscope="" itemtype="http://schema.org/SiteNavigationElement"><div class="navbar__container js-navbar__container"><a itemprop="url" class="navbar__link navbar__link--special-christmas js-navbar__link js-ga4-mega-menu-header-desktop" href="/gift-ideas" title="Christmas Gifts" onclick="_gaq.push(['_trackEvent','Navigation','click','CHRISTMASGIFTS'])">Christmas Gifts</a><div class="subnav js-subnav js-ga4-mega-menu-subnav-desktop" data-nav-item-id="1"></div></div><div class="navbar__container js-navbar__container"><a itemprop="url" class="navbar__link js-navbar__link js-ga4-mega-menu-header-desktop" href="/new-in-and-exclusives" title="New In &amp; Exclusive" onclick="_gaq.push(['_trackEvent','Navigation','click','NEWINEXCLUSIVE'])">New In &amp;&nbsp;Exclusive</a><div class="subnav js-subnav js-ga4-mega-menu-subnav-desktop" data-nav-item-id="2"></div></div><div class="navbar__container js-navbar__container"><a itemprop="url" class="navbar__link js-navbar__link js-ga4-mega-menu-header-desktop" href="/scotch-whisky" title="Scotch Whisky" onclick="_gaq.push(['_trackEvent','Navigation','click','SCOTCHWHISKY'])">Scotch Whisky</a><div class="subnav js-subnav js-ga4-mega-menu-subnav-desktop" data-nav-item-id="4"></div></div><div class="navbar__container js-navbar__container"><a itemprop="url" class="navbar__link js-navbar__link js-ga4-mega-menu-header-desktop" href="/world-whisky" title="World Whisky" onclick="_gaq.push(['_trackEvent','Navigation','click','WORLDWHISKY'])">World Whisky</a><div class="subnav js-subnav js-ga4-mega-menu-subnav-desktop" data-nav-item-id="5"></div></div><div class="navbar__container js-navbar__container"><a itemprop="url" class="navbar__link js-navbar__link js-ga4-mega-menu-header-desktop" href="/spirits-and-liqueurs" title="Spirits &amp; Liqueurs" onclick="_gaq.push(['_trackEvent','Navigation','click','SPIRITSLIQUEURS'])">Spirits &amp; Liqueurs</a><div class="subnav js-subnav js-ga4-mega-menu-subnav-desktop" data-nav-item-id="6"></div></div><div class="navbar__container js-navbar__container"><a itemprop="url" class="navbar__link js-navbar__link js-ga4-mega-menu-header-desktop" href="/wine-and-champagne" title="Wine" onclick="_gaq.push(['_trackEvent','Navigation','click','WINE'])">Wine</a><div class="subnav js-subnav js-ga4-mega-menu-subnav-desktop" data-nav-item-id="8"></div></div><div class="navbar__container js-navbar__container"><a itemprop="url" class="navbar__link js-navbar__link js-ga4-mega-menu-header-desktop" href="/oldandrare" title="Old &amp; Rare" onclick="_gaq.push(['_trackEvent','Navigation','click','OLDRARE'])">Old &amp; Rare</a><div class="subnav js-subnav js-ga4-mega-menu-subnav-desktop" data-nav-item-id="948"></div></div><div class="navbar__container js-navbar__container"><a itemprop="url" class="navbar__link js-navbar__link js-ga4-mega-menu-header-desktop" href="/miniatures-and-samples" title="Miniatures" onclick="_gaq.push(['_trackEvent','Navigation','click','MINIATURES'])">Miniatures</a><div class="subnav js-subnav js-ga4-mega-menu-subnav-desktop" data-nav-item-id="10"></div></div><div class="navbar__container js-navbar__container"><a itemprop="url" class="navbar__link js-navbar__link js-ga4-mega-menu-header-desktop" href="/other" title="Other" onclick="_gaq.push(['_trackEvent','Navigation','click','OTHER'])">Other</a><div class="subnav js-subnav js-ga4-mega-menu-subnav-desktop" data-nav-item-id="9"></div></div><div class="navbar__container js-navbar__container"><a itemprop="url" class="navbar__link navbar__link--special js-navbar__link js-ga4-mega-menu-header-desktop" href="/specialoffers" title="Offers" onclick="_gaq.push(['_trackEvent','Navigation','click','OFFERS'])">Offers</a><div class="subnav js-subnav js-ga4-mega-menu-subnav-desktop" data-nav-item-id="12"></div></div><div class="navbar__container js-navbar__container"><a itemprop="url" class="navbar__link navbar__link--special-inspire js-navbar__link js-ga4-mega-menu-header-desktop" href="/inspiration" title="Inspiration" onclick="_gaq.push(['_trackEvent','Navigation','click','INSPIRATION'])">Inspiration</a><div class="subnav js-subnav js-ga4-mega-menu-subnav-desktop" data-nav-item-id="1495"></div></div></div></nav><div class="site-notify js-site-notify__placeholder"></div><div role="main" itemprop="mainContentOfPage" itemscope="" itemtype="http://schema.org/WebPageElement" id="content" class="wrapper new-filterdrawer"><div id="tweSearchTitle" class="wrapper"><div class="container"><h1 class="search-title">All Scotch Whiskies</h1></div></div><div class="filter-container js-filter-v3"><div class="filter-container__container"><section class="filter-drawer js-filter-drawer" data-changed="" data-products=""><div class="filter-drawer__content js-filter-drawer__content"><div class="filter-drawer__container"><header class="filter-drawer__header"><h3 class="filter-drawer__title">Filter By</h3><button class="filter-drawer__close js-filter-drawer__close"><i class="fal fa-times"></i></button></header><div class="filter-drawer__tags js-filter-drawer__tags"></div><div class="filter-drawer__filters-controls"><div class="filter-drawer__filters js-filter-drawer__filters"><details class="filter-accordion"><summary class="filter-accordion__title">Price Range <i class="far fa-chevron-down filter-accordion__title-icon"></i> <i class="far fa-chevron-up filter-accordion__title-icon"></i></summary><div class="filter-accordion__list js-filter-accordion__list"><div class="filter-drawer-slider js-filter-drawer-slider" id="filterPrice" data-filtertype="slider" data-filtername="Price" data-valuemin="0" data-valuemax="200000" data-rangemin="0" data-rangemax="200000" data-range="{&quot;min&quot;: [0,10],&quot;13%&quot;: [100, 50],&quot;37%&quot;: [1000, 500],&quot;61%&quot;: [10000, 5000],&quot;85%&quot;: [100000, 10000],&quot;max&quot;: [200000]}"><div class="filter-drawer-slider__slider js-filter-drawer-slider__slider noUi-target noUi-ltr noUi-horizontal noUi-txt-dir-ltr" id="filterPriceSlider"><div class="noUi-base"><div class="noUi-connects"><div class="noUi-connect" style="transform: translate(0%, 0px) scale(1, 1);"></div></div><div class="noUi-origin" style="transform: translate(-1000%, 0px); z-index: 5;"><div class="noUi-handle noUi-handle-lower" data-handle="0" tabindex="0" role="slider" aria-orientation="horizontal" aria-valuemin="0.0" aria-valuemax="200000.0" aria-valuenow="0.0" aria-valuetext="0"><div class="noUi-touch-area"></div></div></div><div class="noUi-origin" style="transform: translate(0%, 0px); z-index: 4;"><div class="noUi-handle noUi-handle-upper" data-handle="1" tabindex="0" role="slider" aria-orientation="horizontal" aria-valuemin="0.0" aria-valuemax="200000.0" aria-valuenow="200000.0" aria-valuetext="200000"><div class="noUi-touch-area"></div></div></div></div></div><label for="filterPriceMin" class="filter-drawer-slider__label filter-drawer-slider__label--min">Min (£)</label> <input type="number" id="filterPriceMin" class="filter-drawer-slider__input js-filter-drawer-slider__input filter-drawer-slider__input--min js-filter-drawer-slider__input--min" value="0" step="1" pattern="\d+" min="0"> <label for="filterPriceMax" class="filter-drawer-slider__label filter-drawer-slider__label--max">Max (£)</label> <input type="number" id="filterPriceMax" class="filter-drawer-slider__input js-filter-drawer-slider__input filter-drawer-slider__input--max js-filter-drawer-slider__input--max" value="200000" step="1" pattern="\d+" max="200000"> <button class="filter-drawer-slider__button cta-button cta-button--regular cta-button--full-width cta-button--disabled" onclick="_gaq.push(['_trackEvent','filter-All+Scotch+Whiskies','click','Price'])">Apply</button></div></div></details><details class="filter-accordion"><summary class="filter-accordion__title">Bottling Status <i class="far fa-chevron-down filter-accordion__title-icon"></i> <i class="far fa-chevron-up filter-accordion__title-icon"></i></summary><div id="filterBottlingStatus" class="filter-accordion__list js-filter-accordion__list" data-filtertype="multiselect" data-filtername="BottlingStatus"><div class="filter-checkbox filter-checkbox--v2"><input class="filter-checkbox__input js-filter-checkbox__input" type="checkbox" id="filterBottlingStatus_Current" data-value="Current" onclick="_gaq.push(['_trackEvent','filter-All+Scotch+Whiskies','click','BottlingStatus-Current'])"> <label class="filter-checkbox__label filter-checkbox__label-checkbox" for="filterBottlingStatus_Current">Current (1666)</label></div><div class="filter-checkbox filter-checkbox--v2"><input class="filter-checkbox__input js-filter-checkbox__input" type="checkbox" id="filterBottlingStatus_Discontinued" data-value="Discontinued" onclick="_gaq.push(['_trackEvent','filter-All+Scotch+Whiskies','click','BottlingStatus-Discontinued'])"> <label class="filter-checkbox__label filter-checkbox__label-checkbox" for="filterBottlingStatus_Discontinued">Discontinued (2784)</label></div></div></details><details class="filter-accordion"><summary class="filter-accordion__title">Country <i class="far fa-chevron-down filter-accordion__title-icon"></i> <i class="far fa-chevron-up filter-accordion__title-icon"></i></summary><div id="filterCountry" class="filter-accordion__list js-filter-accordion__list" data-filtertype="multiselect" data-filtername="Country"><div class="filter-checkbox filter-checkbox--v2"><input class="filter-checkbox__input js-filter-checkbox__input" type="checkbox" id="filterCountry_No" data-value="No" onclick="_gaq.push(['_trackEvent','filter-All+Scotch+Whiskies','click','Country-No'])"> <label class="filter-checkbox__label filter-checkbox__label-checkbox" for="filterCountry_No">No (1)</label></div><div class="filter-checkbox filter-checkbox--v2"><input class="filter-checkbox__input js-filter-checkbox__input" type="checkbox" id="filterCountry_Scotland" data-value="Scotland" onclick="_gaq.push(['_trackEvent','filter-All+Scotch+Whiskies','click','Country-Scotland'])"> <label class="filter-checkbox__label filter-checkbox__label-checkbox" for="filterCountry_Scotland">Scotland (4405)</label></div></div></details><details class="filter-accordion"><summary class="filter-accordion__title">Region <i class="far fa-chevron-down filter-accordion__title-icon"></i> <i class="far fa-chevron-up filter-accordion__title-icon"></i></summary><div id="filterSubCategory" class="filter-accordion__list js-filter-accordion__list" data-filtertype="multiselect" data-filtername="SubCategory"><div class="filter-checkbox filter-checkbox--v2"><input class="filter-checkbox__input js-filter-checkbox__input" type="checkbox" id="filterSubCategory_Campbeltown" data-value="Campbeltown" onclick="_gaq.push(['_trackEvent','filter-All+Scotch+Whiskies','click','SubCategory-Campbeltown'])"> <label class="filter-checkbox__label filter-checkbox__label-checkbox" for="filterSubCategory_Campbeltown">Campbeltown (90)</label></div><div class="filter-checkbox filter-checkbox--v2"><input class="filter-checkbox__input js-filter-checkbox__input" type="checkbox" id="filterSubCategory_Cuv%c3%a9e" data-value="Cuv%c3%a9e" onclick="_gaq.push(['_trackEvent','filter-All+Scotch+Whiskies','click','SubCategory-Cuv%c3%a9e'])"> <label class="filter-checkbox__label filter-checkbox__label-checkbox" for="filterSubCategory_Cuv%c3%a9e">Cuvée (1)</label></div><div class="filter-checkbox filter-checkbox--v2"><input class="filter-checkbox__input js-filter-checkbox__input" type="checkbox" id="filterSubCategory_Highland" data-value="Highland" onclick="_gaq.push(['_trackEvent','filter-All+Scotch+Whiskies','click','SubCategory-Highland'])"> <label class="filter-checkbox__label filter-checkbox__label-checkbox" for="filterSubCategory_Highland">Highland (938)</label></div><div class="filter-checkbox filter-checkbox--v2"><input class="filter-checkbox__input js-filter-checkbox__input" type="checkbox" id="filterSubCategory_Island" data-value="Island" onclick="_gaq.push(['_trackEvent','filter-All+Scotch+Whiskies','click','SubCategory-Island'])"> <label class="filter-checkbox__label filter-checkbox__label-checkbox" for="filterSubCategory_Island">Island (284)</label></div><div class="filter-checkbox filter-checkbox--v2"><input class="filter-checkbox__input js-filter-checkbox__input" type="checkbox" id="filterSubCategory_Islay" data-value="Islay" onclick="_gaq.push(['_trackEvent','filter-All+Scotch+Whiskies','click','SubCategory-Islay'])"> <label class="filter-checkbox__label filter-checkbox__label-checkbox" for="filterSubCategory_Islay">Islay (789)</label></div><div class="filter-checkbox filter-checkbox--v2"><input class="filter-checkbox__input js-filter-checkbox__input" type="checkbox" id="filterSubCategory_Lowland" data-value="Lowland" onclick="_gaq.push(['_trackEvent','filter-All+Scotch+Whiskies','click','SubCategory-Lowland'])"> <label class="filter-checkbox__label filter-checkbox__label-checkbox" for="filterSubCategory_Lowland">Lowland (177)</label></div><div class="filter-checkbox filter-checkbox--v2"><input class="filter-checkbox__input js-filter-checkbox__input" type="checkbox" id="filterSubCategory_Speyside" data-value="Speyside" onclick="_gaq.push(['_trackEvent','filter-All+Scotch+Whiskies','click','SubCategory-Speyside'])"> <label class="filter-checkbox__label filter-checkbox__label-checkbox" for="filterSubCategory_Speyside">Speyside (1538)</label></div><div class="filter-checkbox filter-checkbox--v2"><input class="filter-checkbox__input js-filter-checkbox__input" type="checkbox" id="filterSubCategory_Whisky+Liqueurs" data-value="Whisky+Liqueurs" onclick="_gaq.push(['_trackEvent','filter-All+Scotch+Whiskies','click','SubCategory-Whisky+Liqueurs'])"> <label class="filter-checkbox__label filter-checkbox__label-checkbox" for="filterSubCategory_Whisky+Liqueurs">Whisky Liqueurs (1)</label></div><div class="filter-checkbox filter-checkbox--v2"><input class="filter-checkbox__input js-filter-checkbox__input" type="checkbox" id="filterSubCategory_World+Blends" data-value="World+Blends" onclick="_gaq.push(['_trackEvent','filter-All+Scotch+Whiskies','click','SubCategory-World+Blends'])"> <label class="filter-checkbox__label filter-checkbox__label-checkbox" for="filterSubCategory_World+Blends">World Blends (1)</label></div></div></details><details class="filter-accordion"><summary class="filter-accordion__title">Flavour Profile <i class="far fa-chevron-down filter-accordion__title-icon"></i> <i class="far fa-chevron-up filter-accordion__title-icon"></i></summary><div id="filterFlavourProfile" class="filter-accordion__list js-filter-accordion__list" data-filtertype="multiselect" data-filtername="FlavourProfile"><div class="filter-checkbox filter-checkbox--v2"><input class="filter-checkbox__input js-filter-checkbox__input" type="checkbox" id="filterFlavourProfile_Dried+fruit+and+nut" data-value="Dried+fruit+and+nut" onclick="_gaq.push(['_trackEvent','filter-All+Scotch+Whiskies','click','FlavourProfile-Dried+fruit+and+nut'])"> <label class="filter-checkbox__label filter-checkbox__label-checkbox" for="filterFlavourProfile_Dried+fruit+and+nut">Dried fruit and nut (276)</label></div><div class="filter-checkbox filter-checkbox--v2"><input class="filter-checkbox__input js-filter-checkbox__input" type="checkbox" id="filterFlavourProfile_Elegant+and+floral" data-value="Elegant+and+floral" onclick="_gaq.push(['_trackEvent','filter-All+Scotch+Whiskies','click','FlavourProfile-Elegant+and+floral'])"> <label class="filter-checkbox__label filter-checkbox__label-checkbox" for="filterFlavourProfile_Elegant+and+floral">Elegant and floral (40)</label></div><div class="filter-checkbox filter-checkbox--v2"><input class="filter-checkbox__input js-filter-checkbox__input" type="checkbox" id="filterFlavourProfile_Fresh+fruit+and+vanilla" data-value="Fresh+fruit+and+vanilla" onclick="_gaq.push(['_trackEvent','filter-All+Scotch+Whiskies','click','FlavourProfile-Fresh+fruit+and+vanilla'])"> <label class="filter-checkbox__label filter-checkbox__label-checkbox" for="filterFlavourProfile_Fresh+fruit+and+vanilla">Fresh fruit and vanilla (317)</label></div><div class="filter-checkbox filter-checkbox--v2"><input class="filter-checkbox__input js-filter-checkbox__input" type="checkbox" id="filterFlavourProfile_Malt+and+honey" data-value="Malt+and+honey" onclick="_gaq.push(['_trackEvent','filter-All+Scotch+Whiskies','click','FlavourProfile-Malt+and+honey'])"> <label class="filter-checkbox__label filter-checkbox__label-checkbox" for="filterFlavourProfile_Malt+and+honey">Malt and honey (239)</label></div><div class="filter-checkbox filter-checkbox--v2"><input class="filter-checkbox__input js-filter-checkbox__input" type="checkbox" id="filterFlavourProfile_Maritime+and+smoky" data-value="Maritime+and+smoky" onclick="_gaq.push(['_trackEvent','filter-All+Scotch+Whiskies','click','FlavourProfile-Maritime+and+smoky'])"> <label class="filter-checkbox__label filter-checkbox__label-checkbox" for="filterFlavourProfile_Maritime+and+smoky">Maritime and smoky (116)</label></div><div class="filter-checkbox filter-checkbox--v2"><input class="filter-checkbox__input js-filter-checkbox__input" type="checkbox" id="filterFlavourProfile_Peat+and+fruit" data-value="Peat+and+fruit" onclick="_gaq.push(['_trackEvent','filter-All+Scotch+Whiskies','click','FlavourProfile-Peat+and+fruit'])"> <label class="filter-checkbox__label filter-checkbox__label-checkbox" for="filterFlavourProfile_Peat+and+fruit">Peat and fruit (184)</label></div><div class="filter-checkbox filter-checkbox--v2"><input class="filter-checkbox__input js-filter-checkbox__input" type="checkbox" id="filterFlavourProfile_Rich+and+peaty" data-value="Rich+and+peaty" onclick="_gaq.push(['_trackEvent','filter-All+Scotch+Whiskies','click','FlavourProfile-Rich+and+peaty'])"> <label class="filter-checkbox__label filter-checkbox__label-checkbox" for="filterFlavourProfile_Rich+and+peaty">Rich and peaty (123)</label></div><div class="filter-checkbox filter-checkbox--v2"><input class="filter-checkbox__input js-filter-checkbox__input" type="checkbox" id="filterFlavourProfile_Rich+fruit+and+spice" data-value="Rich+fruit+and+spice" onclick="_gaq.push(['_trackEvent','filter-All+Scotch+Whiskies','click','FlavourProfile-Rich+fruit+and+spice'])"> <label class="filter-checkbox__label filter-checkbox__label-checkbox" for="filterFlavourProfile_Rich+fruit+and+spice">Rich fruit and spice (288)</label></div></div></details><details class="filter-accordion"><summary class="filter-accordion__title">Age <i class="far fa-chevron-down filter-accordion__title-icon"></i> <i class="far fa-chevron-up filter-accordion__title-icon"></i></summary><div id="filterAge" class="filter-accordion__list js-filter-accordion__list" data-filtertype="multiselect" data-filtername="Age"><div class="filter-checkbox filter-checkbox--v2"><input class="filter-checkbox__input js-filter-checkbox__input" type="checkbox" id="filterAge_No+Age+Statement" data-value="No+Age+Statement" onclick="_gaq.push(['_trackEvent','filter-All+Scotch+Whiskies','click','Age-No+Age+Statement'])"> <label class="filter-checkbox__label filter-checkbox__label-checkbox" for="filterAge_No+Age+Statement">No Age Statement (1292)</label></div><div class="filter-checkbox filter-checkbox--v2"><input class="filter-checkbox__input js-filter-checkbox__input" type="checkbox" id="filterAge_3+Years+Old" data-value="3+Years+Old" onclick="_gaq.push(['_trackEvent','filter-All+Scotch+Whiskies','click','Age-3+Years+Old'])"> <label class="filter-checkbox__label filter-checkbox__label-checkbox" for="filterAge_3+Years+Old">3 Years Old (1)</label></div><div class="filter-checkbox filter-checkbox--v2"><input class="filter-checkbox__input js-filter-checkbox__input" type="checkbox" id="filterAge_4+Years+Old" data-value="4+Years+Old" onclick="_gaq.push(['_trackEvent','filter-All+Scotch+Whiskies','click','Age-4+Years+Old'])"> <label class="filter-checkbox__label filter-checkbox__label-checkbox" for="filterAge_4+Years+Old">4 Years Old (3)</label></div><div class="filter-checkbox filter-checkbox--v2"><input class="filter-checkbox__input js-filter-checkbox__input" type="checkbox" id="filterAge_5+Years+Old" data-value="5+Years+Old" onclick="_gaq.push(['_trackEvent','filter-All+Scotch+Whiskies','click','Age-5+Years+Old'])"> <label class="filter-checkbox__label filter-checkbox__label-checkbox" for="filterAge_5+Years+Old">5 Years Old (71)</label></div><div class="filter-checkbox filter-checkbox--v2"><input class="filter-checkbox__input js-filter-checkbox__input" type="checkbox" id="filterAge_6+Years+Old" data-value="6+Years+Old" onclick="_gaq.push(['_trackEvent','filter-All+Scotch+Whiskies','click','Age-6+Years+Old'])"> <label class="filter-checkbox__label filter-checkbox__label-checkbox" for="filterAge_6+Years+Old">6 Years Old (14)</label></div><div class="filter-checkbox filter-checkbox--v2"><input class="filter-checkbox__input js-filter-checkbox__input" type="checkbox" id="filterAge_7+Years+Old" data-value="7+Years+Old" onclick="_gaq.push(['_trackEvent','filter-All+Scotch+Whiskies','click','Age-7+Years+Old'])"> <label class="filter-checkbox__label filter-checkbox__label-checkbox" for="filterAge_7+Years+Old">7 Years Old (17)</label></div><div class="filter-checkbox filter-checkbox--v2"><input class="filter-checkbox__input js-filter-checkbox__input" type="checkbox" id="filterAge_8+Years+Old" data-value="8+Years+Old" onclick="_gaq.push(['_trackEvent','filter-All+Scotch+Whiskies','click','Age-8+Years+Old'])"> <label class="filter-checkbox__label filter-checkbox__label-checkbox" for="filterAge_8+Years+Old">8 Years Old (155)</label></div><div class="filter-checkbox filter-checkbox--v2"><input class="filter-checkbox__input js-filter-checkbox__input" type="checkbox" id="filterAge_9+Years+Old" data-value="9+Years+Old" onclick="_gaq.push(['_trackEvent','filter-All+Scotch+Whiskies','click','Age-9+Years+Old'])"> <label class="filter-checkbox__label filter-checkbox__label-checkbox" for="filterAge_9+Years+Old">9 Years Old (23)</label></div><div class="filter-checkbox filter-checkbox--v2"><input class="filter-checkbox__input js-filter-checkbox__input" type="checkbox" id="filterAge_10+Years+Old" data-value="10+Years+Old" onclick="_gaq.push(['_trackEvent','filter-All+Scotch+Whiskies','click','Age-10+Years+Old'])"> <label class="filter-checkbox__label filter-checkbox__label-checkbox" for="filterAge_10+Years+Old">10 Years Old (253)</label></div><div class="filter-checkbox filter-checkbox--v2"><input class="filter-checkbox__input js-filter-checkbox__input" type="checkbox" id="filterAge_11+Years+Old" data-value="11+Years+Old" onclick="_gaq.push(['_trackEvent','filter-All+Scotch+Whiskies','click','Age-11+Years+Old'])"> <label class="filter-checkbox__label filter-checkbox__label-checkbox" for="filterAge_11+Years+Old">11 Years Old (50)</label></div><div class="filter-checkbox filter-checkbox--v2"><input class="filter-checkbox__input js-filter-checkbox__input" type="checkbox" id="filterAge_12+Years+Old" data-value="12+Years+Old" onclick="_gaq.push(['_trackEvent','filter-All+Scotch+Whiskies','click','Age-12+Years+Old'])"> <label class="filter-checkbox__label filter-checkbox__label-checkbox" for="filterAge_12+Years+Old">12 Years Old (456)</label></div><div class="filter-checkbox filter-checkbox--v2"><input class="filter-checkbox__input js-filter-checkbox__input" type="checkbox" id="filterAge_13+Years+Old" data-value="13+Years+Old" onclick="_gaq.push(['_trackEvent','filter-All+Scotch+Whiskies','click','Age-13+Years+Old'])"> <label class="filter-checkbox__label filter-checkbox__label-checkbox" for="filterAge_13+Years+Old">13 Years Old (48)</label></div><div class="filter-checkbox filter-checkbox--v2"><input class="filter-checkbox__input js-filter-checkbox__input" type="checkbox" id="filterAge_14+Years+Old" data-value="14+Years+Old" onclick="_gaq.push(['_trackEvent','filter-All+Scotch+Whiskies','click','Age-14+Years+Old'])"> <label class="filter-checkbox__label filter-checkbox__label-checkbox" for="filterAge_14+Years+Old">14 Years Old (67)</label></div><div class="filter-checkbox filter-checkbox--v2"><input class="filter-checkbox__input js-filter-checkbox__input" type="checkbox" id="filterAge_15+Years+Old" data-value="15+Years+Old" onclick="_gaq.push(['_trackEvent','filter-All+Scotch+Whiskies','click','Age-15+Years+Old'])"> <label class="filter-checkbox__label filter-checkbox__label-checkbox" for="filterAge_15+Years+Old">15 Years Old (158)</label></div><div class="filter-checkbox filter-checkbox--v2"><input class="filter-checkbox__input js-filter-checkbox__input" type="checkbox" id="filterAge_16+Years+Old" data-value="16+Years+Old" onclick="_gaq.push(['_trackEvent','filter-All+Scotch+Whiskies','click','Age-16+Years+Old'])"> <label class="filter-checkbox__label filter-checkbox__label-checkbox" for="filterAge_16+Years+Old">16 Years Old (74)</label></div><div class="filter-checkbox filter-checkbox--v2"><input class="filter-checkbox__input js-filter-checkbox__input" type="checkbox" id="filterAge_17+Years+Old" data-value="17+Years+Old" onclick="_gaq.push(['_trackEvent','filter-All+Scotch+Whiskies','click','Age-17+Years+Old'])"> <label class="filter-checkbox__label filter-checkbox__label-checkbox" for="filterAge_17+Years+Old">17 Years Old (77)</label></div><div class="filter-checkbox filter-checkbox--v2"><input class="filter-checkbox__input js-filter-checkbox__input" type="checkbox" id="filterAge_18+Years+Old" data-value="18+Years+Old" onclick="_gaq.push(['_trackEvent','filter-All+Scotch+Whiskies','click','Age-18+Years+Old'])"> <label class="filter-checkbox__label filter-checkbox__label-checkbox" for="filterAge_18+Years+Old">18 Years Old (143)</label></div><div class="filter-checkbox filter-checkbox--v2"><input class="filter-checkbox__input js-filter-checkbox__input" type="checkbox" id="filterAge_19+Years+Old" data-value="19+Years+Old" onclick="_gaq.push(['_trackEvent','filter-All+Scotch+Whiskies','click','Age-19+Years+Old'])"> <label class="filter-checkbox__label filter-checkbox__label-checkbox" for="filterAge_19+Years+Old">19 Years Old (53)</label></div><div class="filter-checkbox filter-checkbox--v2"><input class="filter-checkbox__input js-filter-checkbox__input" type="checkbox" id="filterAge_20+Years+Old" data-value="20+Years+Old" onclick="_gaq.push(['_trackEvent','filter-All+Scotch+Whiskies','click','Age-20+Years+Old'])"> <label class="filter-checkbox__label filter-checkbox__label-checkbox" for="filterAge_20+Years+Old">20 Years Old (71)</label></div><div class="filter-checkbox filter-checkbox--v2"><input class="filter-checkbox__input js-filter-checkbox__input" type="checkbox" id="filterAge_21+Years+Old" data-value="21+Years+Old" onclick="_gaq.push(['_trackEvent','filter-All+Scotch+Whiskies','click','Age-21+Years+Old'])"> <label class="filter-checkbox__label filter-checkbox__label-checkbox" for="filterAge_21+Years+Old">21 Years Old (144)</label></div><div class="filter-checkbox filter-checkbox--v2"><input class="filter-checkbox__input js-filter-checkbox__input" type="checkbox" id="filterAge_22+Years+Old" data-value="22+Years+Old" onclick="_gaq.push(['_trackEvent','filter-All+Scotch+Whiskies','click','Age-22+Years+Old'])"> <label class="filter-checkbox__label filter-checkbox__label-checkbox" for="filterAge_22+Years+Old">22 Years Old (52)</label></div><div class="filter-checkbox filter-checkbox--v2"><input class="filter-checkbox__input js-filter-checkbox__input" type="checkbox" id="filterAge_23+Years+Old" data-value="23+Years+Old" onclick="_gaq.push(['_trackEvent','filter-All+Scotch+Whiskies','click','Age-23+Years+Old'])"> <label class="filter-checkbox__label filter-checkbox__label-checkbox" for="filterAge_23+Years+Old">23 Years Old (72)</label></div><div class="filter-checkbox filter-checkbox--v2"><input class="filter-checkbox__input js-filter-checkbox__input" type="checkbox" id="filterAge_24+Years+Old" data-value="24+Years+Old" onclick="_gaq.push(['_trackEvent','filter-All+Scotch+Whiskies','click','Age-24+Years+Old'])"> <label class="filter-checkbox__label filter-checkbox__label-checkbox" for="filterAge_24+Years+Old">24 Years Old (65)</label></div><div class="filter-checkbox filter-checkbox--v2"><input class="filter-checkbox__input js-filter-checkbox__input" type="checkbox" id="filterAge_25+Years+Old" data-value="25+Years+Old" onclick="_gaq.push(['_trackEvent','filter-All+Scotch+Whiskies','click','Age-25+Years+Old'])"> <label class="filter-checkbox__label filter-checkbox__label-checkbox" for="filterAge_25+Years+Old">25 Years Old (160)</label></div><div class="filter-checkbox filter-checkbox--v2"><input class="filter-checkbox__input js-filter-checkbox__input" type="checkbox" id="filterAge_26+Years+Old" data-value="26+Years+Old" onclick="_gaq.push(['_trackEvent','filter-All+Scotch+Whiskies','click','Age-26+Years+Old'])"> <label class="filter-checkbox__label filter-checkbox__label-checkbox" for="filterAge_26+Years+Old">26 Years Old (55)</label></div><div class="filter-checkbox filter-checkbox--v2"><input class="filter-checkbox__input js-filter-checkbox__input" type="checkbox" id="filterAge_27+Years+Old" data-value="27+Years+Old" onclick="_gaq.push(['_trackEvent','filter-All+Scotch+Whiskies','click','Age-27+Years+Old'])"> <label class="filter-checkbox__label filter-checkbox__label-checkbox" for="filterAge_27+Years+Old">27 Years Old (73)</label></div><div class="filter-checkbox filter-checkbox--v2"><input class="filter-checkbox__input js-filter-checkbox__input" type="checkbox" id="filterAge_28+Years+Old" data-value="28+Years+Old" onclick="_gaq.push(['_trackEvent','filter-All+Scotch+Whiskies','click','Age-28+Years+Old'])"> <label class="filter-checkbox__label filter-checkbox__label-checkbox" for="filterAge_28+Years+Old">28 Years Old (41)</label></div><div class="filter-checkbox filter-checkbox--v2"><input class="filter-checkbox__input js-filter-checkbox__input" type="checkbox" id="filterAge_29+Years+Old" data-value="29+Years+Old" onclick="_gaq.push(['_trackEvent','filter-All+Scotch+Whiskies','click','Age-29+Years+Old'])"> <label class="filter-checkbox__label filter-checkbox__label-checkbox" for="filterAge_29+Years+Old">29 Years Old (51)</label></div><div class="filter-checkbox filter-checkbox--v2"><input class="filter-checkbox__input js-filter-checkbox__input" type="checkbox" id="filterAge_30+Years+Old" data-value="30+Years+Old" onclick="_gaq.push(['_trackEvent','filter-All+Scotch+Whiskies','click','Age-30+Years+Old'])"> <label class="filter-checkbox__label filter-checkbox__label-checkbox" for="filterAge_30+Years+Old">30 Years Old (131)</label></div><div class="filter-checkbox filter-checkbox--v2"><input class="filter-checkbox__input js-filter-checkbox__input" type="checkbox" id="filterAge_31+Years+Old" data-value="31+Years+Old" onclick="_gaq.push(['_trackEvent','filter-All+Scotch+Whiskies','click','Age-31+Years+Old'])"> <label class="filter-checkbox__label filter-checkbox__label-checkbox" for="filterAge_31+Years+Old">31 Years Old (88)</label></div><div class="filter-checkbox filter-checkbox--v2"><input class="filter-checkbox__input js-filter-checkbox__input" type="checkbox" id="filterAge_32+Years+Old" data-value="32+Years+Old" onclick="_gaq.push(['_trackEvent','filter-All+Scotch+Whiskies','click','Age-32+Years+Old'])"> <label class="filter-checkbox__label filter-checkbox__label-checkbox" for="filterAge_32+Years+Old">32 Years Old (70)</label></div><div class="filter-checkbox filter-checkbox--v2"><input class="filter-checkbox__input js-filter-checkbox__input" type="checkbox" id="filterAge_33+Years+Old" data-value="33+Years+Old" onclick="_gaq.push(['_trackEvent','filter-All+Scotch+Whiskies','click','Age-33+Years+Old'])"> <label class="filter-checkbox__label filter-checkbox__label-checkbox" for="filterAge_33+Years+Old">33 Years Old (43)</label></div><div class="filter-checkbox filter-checkbox--v2"><input class="filter-checkbox__input js-filter-checkbox__input" type="checkbox" id="filterAge_34+Years+Old" data-value="34+Years+Old" onclick="_gaq.push(['_trackEvent','filter-All+Scotch+Whiskies','click','Age-34+Years+Old'])"> <label class="filter-checkbox__label filter-checkbox__label-checkbox" for="filterAge_34+Years+Old">34 Years Old (34)</label></div><div class="filter-checkbox filter-checkbox--v2"><input class="filter-checkbox__input js-filter-checkbox__input" type="checkbox" id="filterAge_35+Years+Old" data-value="35+Years+Old" onclick="_gaq.push(['_trackEvent','filter-All+Scotch+Whiskies','click','Age-35+Years+Old'])"> <label class="filter-checkbox__label filter-checkbox__label-checkbox" for="filterAge_35+Years+Old">35 Years Old (42)</label></div><div class="filter-checkbox filter-checkbox--v2"><input class="filter-checkbox__input js-filter-checkbox__input" type="checkbox" id="filterAge_36+Years+Old" data-value="36+Years+Old" onclick="_gaq.push(['_trackEvent','filter-All+Scotch+Whiskies','click','Age-36+Years+Old'])"> <label class="filter-checkbox__label filter-checkbox__label-checkbox" for="filterAge_36+Years+Old">36 Years Old (26)</label></div><div class="filter-checkbox filter-checkbox--v2"><input class="filter-checkbox__input js-filter-checkbox__input" type="checkbox" id="filterAge_37+Years+Old" data-value="37+Years+Old" onclick="_gaq.push(['_trackEvent','filter-All+Scotch+Whiskies','click','Age-37+Years+Old'])"> <label class="filter-checkbox__label filter-checkbox__label-checkbox" for="filterAge_37+Years+Old">37 Years Old (19)</label></div><div class="filter-checkbox filter-checkbox--v2"><input class="filter-checkbox__input js-filter-checkbox__input" type="checkbox" id="filterAge_38+Years+Old" data-value="38+Years+Old" onclick="_gaq.push(['_trackEvent','filter-All+Scotch+Whiskies','click','Age-38+Years+Old'])"> <label class="filter-checkbox__label filter-checkbox__label-checkbox" for="filterAge_38+Years+Old">38 Years Old (11)</label></div><div class="filter-checkbox filter-checkbox--v2"><input class="filter-checkbox__input js-filter-checkbox__input" type="checkbox" id="filterAge_39+Years+Old" data-value="39+Years+Old" onclick="_gaq.push(['_trackEvent','filter-All+Scotch+Whiskies','click','Age-39+Years+Old'])"> <label class="filter-checkbox__label filter-checkbox__label-checkbox" for="filterAge_39+Years+Old">39 Years Old (9)</label></div><div class="filter-checkbox filter-checkbox--v2"><input class="filter-checkbox__input js-filter-checkbox__input" type="checkbox" id="filterAge_40+Years+Old" data-value="40+Years+Old" onclick="_gaq.push(['_trackEvent','filter-All+Scotch+Whiskies','click','Age-40+Years+Old'])"> <label class="filter-checkbox__label filter-checkbox__label-checkbox" for="filterAge_40+Years+Old">40 Years Old (53)</label></div><div class="filter-checkbox filter-checkbox--v2"><input class="filter-checkbox__input js-filter-checkbox__input" type="checkbox" id="filterAge_41+Years+Old" data-value="41+Years+Old" onclick="_gaq.push(['_trackEvent','filter-All+Scotch+Whiskies','click','Age-41+Years+Old'])"> <label class="filter-checkbox__label filter-checkbox__label-checkbox" for="filterAge_41+Years+Old">41 Years Old (6)</label></div><div class="filter-checkbox filter-checkbox--v2"><input class="filter-checkbox__input js-filter-checkbox__input" type="checkbox" id="filterAge_42+Years+Old" data-value="42+Years+Old" onclick="_gaq.push(['_trackEvent','filter-All+Scotch+Whiskies','click','Age-42+Years+Old'])"> <label class="filter-checkbox__label filter-checkbox__label-checkbox" for="filterAge_42+Years+Old">42 Years Old (18)</label></div><div class="filter-checkbox filter-checkbox--v2"><input class="filter-checkbox__input js-filter-checkbox__input" type="checkbox" id="filterAge_43+Years+Old" data-value="43+Years+Old" onclick="_gaq.push(['_trackEvent','filter-All+Scotch+Whiskies','click','Age-43+Years+Old'])"> <label class="filter-checkbox__label filter-checkbox__label-checkbox" for="filterAge_43+Years+Old">43 Years Old (10)</label></div><div class="filter-checkbox filter-checkbox--v2"><input class="filter-checkbox__input js-filter-checkbox__input" type="checkbox" id="filterAge_44+Years+Old" data-value="44+Years+Old" onclick="_gaq.push(['_trackEvent','filter-All+Scotch+Whiskies','click','Age-44+Years+Old'])"> <label class="filter-checkbox__label filter-checkbox__label-checkbox" for="filterAge_44+Years+Old">44 Years Old (16)</label></div><div class="filter-checkbox filter-checkbox--v2"><input class="filter-checkbox__input js-filter-checkbox__input" type="checkbox" id="filterAge_45+Years+Old" data-value="45+Years+Old" onclick="_gaq.push(['_trackEvent','filter-All+Scotch+Whiskies','click','Age-45+Years+Old'])"> <label class="filter-checkbox__label filter-checkbox__label-checkbox" for="filterAge_45+Years+Old">45 Years Old (13)</label></div><div class="filter-checkbox filter-checkbox--v2"><input class="filter-checkbox__input js-filter-checkbox__input" type="checkbox" id="filterAge_46+Years+Old" data-value="46+Years+Old" onclick="_gaq.push(['_trackEvent','filter-All+Scotch+Whiskies','click','Age-46+Years+Old'])"> <label class="filter-checkbox__label filter-checkbox__label-checkbox" for="filterAge_46+Years+Old">46 Years Old (10)</label></div><div class="filter-checkbox filter-checkbox--v2"><input class="filter-checkbox__input js-filter-checkbox__input" type="checkbox" id="filterAge_47+Years+Old" data-value="47+Years+Old" onclick="_gaq.push(['_trackEvent','filter-All+Scotch+Whiskies','click','Age-47+Years+Old'])"> <label class="filter-checkbox__label filter-checkbox__label-checkbox" for="filterAge_47+Years+Old">47 Years Old (6)</label></div><div class="filter-checkbox filter-checkbox--v2"><input class="filter-checkbox__input js-filter-checkbox__input" type="checkbox" id="filterAge_48+Years+Old" data-value="48+Years+Old" onclick="_gaq.push(['_trackEvent','filter-All+Scotch+Whiskies','click','Age-48+Years+Old'])"> <label class="filter-checkbox__label filter-checkbox__label-checkbox" for="filterAge_48+Years+Old">48 Years Old (5)</label></div><div class="filter-checkbox filter-checkbox--v2"><input class="filter-checkbox__input js-filter-checkbox__input" type="checkbox" id="filterAge_49+Years+Old" data-value="49+Years+Old" onclick="_gaq.push(['_trackEvent','filter-All+Scotch+Whiskies','click','Age-49+Years+Old'])"> <label class="filter-checkbox__label filter-checkbox__label-checkbox" for="filterAge_49+Years+Old">49 Years Old (5)</label></div><div class="filter-checkbox filter-checkbox--v2"><input class="filter-checkbox__input js-filter-checkbox__input" type="checkbox" id="filterAge_50+Years+Old" data-value="50+Years+Old" onclick="_gaq.push(['_trackEvent','filter-All+Scotch+Whiskies','click','Age-50+Years+Old'])"> <label class="filter-checkbox__label filter-checkbox__label-checkbox" for="filterAge_50+Years+Old">50 Years Old (36)</label></div><div class="filter-checkbox filter-checkbox--v2"><input class="filter-checkbox__input js-filter-checkbox__input" type="checkbox" id="filterAge_51+Years+Old" data-value="51+Years+Old" onclick="_gaq.push(['_trackEvent','filter-All+Scotch+Whiskies','click','Age-51+Years+Old'])"> <label class="filter-checkbox__label filter-checkbox__label-checkbox" for="filterAge_51+Years+Old">51 Years Old (6)</label></div><div class="filter-checkbox filter-checkbox--v2"><input class="filter-checkbox__input js-filter-checkbox__input" type="checkbox" id="filterAge_52+Years+Old" data-value="52+Years+Old" onclick="_gaq.push(['_trackEvent','filter-All+Scotch+Whiskies','click','Age-52+Years+Old'])"> <label class="filter-checkbox__label filter-checkbox__label-checkbox" for="filterAge_52+Years+Old">52 Years Old (8)</label></div><div class="filter-checkbox filter-checkbox--v2"><input class="filter-checkbox__input js-filter-checkbox__input" type="checkbox" id="filterAge_53+Years+Old" data-value="53+Years+Old" onclick="_gaq.push(['_trackEvent','filter-All+Scotch+Whiskies','click','Age-53+Years+Old'])"> <label class="filter-checkbox__label filter-checkbox__label-checkbox" for="filterAge_53+Years+Old">53 Years Old (2)</label></div><div class="filter-checkbox filter-checkbox--v2"><input class="filter-checkbox__input js-filter-checkbox__input" type="checkbox" id="filterAge_54+Years+Old" data-value="54+Years+Old" onclick="_gaq.push(['_trackEvent','filter-All+Scotch+Whiskies','click','Age-54+Years+Old'])"> <label class="filter-checkbox__label filter-checkbox__label-checkbox" for="filterAge_54+Years+Old">54 Years Old (5)</label></div><div class="filter-checkbox filter-checkbox--v2"><input class="filter-checkbox__input js-filter-checkbox__input" type="checkbox" id="filterAge_55+Years+Old" data-value="55+Years+Old" onclick="_gaq.push(['_trackEvent','filter-All+Scotch+Whiskies','click','Age-55+Years+Old'])"> <label class="filter-checkbox__label filter-checkbox__label-checkbox" for="filterAge_55+Years+Old">55 Years Old (3)</label></div><div class="filter-checkbox filter-checkbox--v2"><input class="filter-checkbox__input js-filter-checkbox__input" type="checkbox" id="filterAge_56+Years+Old" data-value="56+Years+Old" onclick="_gaq.push(['_trackEvent','filter-All+Scotch+Whiskies','click','Age-56+Years+Old'])"> <label class="filter-checkbox__label filter-checkbox__label-checkbox" for="filterAge_56+Years+Old">56 Years Old (5)</label></div><div class="filter-checkbox filter-checkbox--v2"><input class="filter-checkbox__input js-filter-checkbox__input" type="checkbox" id="filterAge_57+Years+Old" data-value="57+Years+Old" onclick="_gaq.push(['_trackEvent','filter-All+Scotch+Whiskies','click','Age-57+Years+Old'])"> <label class="filter-checkbox__label filter-checkbox__label-checkbox" for="filterAge_57+Years+Old">57 Years Old (3)</label></div><div class="filter-checkbox filter-checkbox--v2"><input class="filter-checkbox__input js-filter-checkbox__input" type="checkbox" id="filterAge_58+Years+Old" data-value="58+Years+Old" onclick="_gaq.push(['_trackEvent','filter-All+Scotch+Whiskies','click','Age-58+Years+Old'])"> <label class="filter-checkbox__label filter-checkbox__label-checkbox" for="filterAge_58+Years+Old">58 Years Old (1)</label></div><div class="filter-checkbox filter-checkbox--v2"><input class="filter-checkbox__input js-filter-checkbox__input" type="checkbox" id="filterAge_59+Years+Old" data-value="59+Years+Old" onclick="_gaq.push(['_trackEvent','filter-All+Scotch+Whiskies','click','Age-59+Years+Old'])"> <label class="filter-checkbox__label filter-checkbox__label-checkbox" for="filterAge_59+Years+Old">59 Years Old (1)</label></div><div class="filter-checkbox filter-checkbox--v2"><input class="filter-checkbox__input js-filter-checkbox__input" type="checkbox" id="filterAge_60+Years+Old" data-value="60+Years+Old" onclick="_gaq.push(['_trackEvent','filter-All+Scotch+Whiskies','click','Age-60+Years+Old'])"> <label class="filter-checkbox__label filter-checkbox__label-checkbox" for="filterAge_60+Years+Old">60 Years Old (6)</label></div><div class="filter-checkbox filter-checkbox--v2"><input class="filter-checkbox__input js-filter-checkbox__input" type="checkbox" id="filterAge_61+Years+Old" data-value="61+Years+Old" onclick="_gaq.push(['_trackEvent','filter-All+Scotch+Whiskies','click','Age-61+Years+Old'])"> <label class="filter-checkbox__label filter-checkbox__label-checkbox" for="filterAge_61+Years+Old">61 Years Old (1)</label></div><div class="filter-checkbox filter-checkbox--v2"><input class="filter-checkbox__input js-filter-checkbox__input" type="checkbox" id="filterAge_62+Years+Old" data-value="62+Years+Old" onclick="_gaq.push(['_trackEvent','filter-All+Scotch+Whiskies','click','Age-62+Years+Old'])"> <label class="filter-checkbox__label filter-checkbox__label-checkbox" for="filterAge_62+Years+Old">62 Years Old (3)</label></div><div class="filter-checkbox filter-checkbox--v2"><input class="filter-checkbox__input js-filter-checkbox__input" type="checkbox" id="filterAge_63+Years+Old" data-value="63+Years+Old" onclick="_gaq.push(['_trackEvent','filter-All+Scotch+Whiskies','click','Age-63+Years+Old'])"> <label class="filter-checkbox__label filter-checkbox__label-checkbox" for="filterAge_63+Years+Old">63 Years Old (5)</label></div><div class="filter-checkbox filter-checkbox--v2"><input class="filter-checkbox__input js-filter-checkbox__input" type="checkbox" id="filterAge_64+Years+Old" data-value="64+Years+Old" onclick="_gaq.push(['_trackEvent','filter-All+Scotch+Whiskies','click','Age-64+Years+Old'])"> <label class="filter-checkbox__label filter-checkbox__label-checkbox" for="filterAge_64+Years+Old">64 Years Old (2)</label></div><div class="filter-checkbox filter-checkbox--v2"><input class="filter-checkbox__input js-filter-checkbox__input" type="checkbox" id="filterAge_65+Years+Old" data-value="65+Years+Old" onclick="_gaq.push(['_trackEvent','filter-All+Scotch+Whiskies','click','Age-65+Years+Old'])"> <label class="filter-checkbox__label filter-checkbox__label-checkbox" for="filterAge_65+Years+Old">65 Years Old (3)</label></div><div class="filter-checkbox filter-checkbox--v2"><input class="filter-checkbox__input js-filter-checkbox__input" type="checkbox" id="filterAge_70+Years+Old" data-value="70+Years+Old" onclick="_gaq.push(['_trackEvent','filter-All+Scotch+Whiskies','click','Age-70+Years+Old'])"> <label class="filter-checkbox__label filter-checkbox__label-checkbox" for="filterAge_70+Years+Old">70 Years Old (1)</label></div><div class="filter-checkbox filter-checkbox--v2"><input class="filter-checkbox__input js-filter-checkbox__input" type="checkbox" id="filterAge_72+Years+Old" data-value="72+Years+Old" onclick="_gaq.push(['_trackEvent','filter-All+Scotch+Whiskies','click','Age-72+Years+Old'])"> <label class="filter-checkbox__label filter-checkbox__label-checkbox" for="filterAge_72+Years+Old">72 Years Old (1)</label></div><div class="filter-checkbox filter-checkbox--v2"><input class="filter-checkbox__input js-filter-checkbox__input" type="checkbox" id="filterAge_74+Years+Old" data-value="74+Years+Old" onclick="_gaq.push(['_trackEvent','filter-All+Scotch+Whiskies','click','Age-74+Years+Old'])"> <label class="filter-checkbox__label filter-checkbox__label-checkbox" for="filterAge_74+Years+Old">74 Years Old (1)</label></div><div class="filter-checkbox filter-checkbox--v2"><input class="filter-checkbox__input js-filter-checkbox__input" type="checkbox" id="filterAge_78+Years+Old" data-value="78+Years+Old" onclick="_gaq.push(['_trackEvent','filter-All+Scotch+Whiskies','click','Age-78+Years+Old'])"> <label class="filter-checkbox__label filter-checkbox__label-checkbox" for="filterAge_78+Years+Old">78 Years Old (1)</label></div><div class="filter-checkbox filter-checkbox--v2"><input class="filter-checkbox__input js-filter-checkbox__input" type="checkbox" id="filterAge_80+Years+Old" data-value="80+Years+Old" onclick="_gaq.push(['_trackEvent','filter-All+Scotch+Whiskies','click','Age-80+Years+Old'])"> <label class="filter-checkbox__label filter-checkbox__label-checkbox" for="filterAge_80+Years+Old">80 Years Old (1)</label></div><div class="filter-checkbox filter-checkbox--v2"><input class="filter-checkbox__input js-filter-checkbox__input" type="checkbox" id="filterAge_81+Years+Old" data-value="81+Years+Old" onclick="_gaq.push(['_trackEvent','filter-All+Scotch+Whiskies','click','Age-81+Years+Old'])"> <label class="filter-checkbox__label filter-checkbox__label-checkbox" for="filterAge_81+Years+Old">81 Years Old (1)</label></div></div></details><details class="filter-accordion"><summary class="filter-accordion__title">Vintage <i class="far fa-chevron-down filter-accordion__title-icon"></i> <i class="far fa-chevron-up filter-accordion__title-icon"></i></summary><div id="filterVintage" class="filter-accordion__list js-filter-accordion__list" data-filtertype="multiselect" data-filtername="Vintage"><div class="filter-checkbox filter-checkbox--v2"><input class="filter-checkbox__input js-filter-checkbox__input" type="checkbox" id="filterVintage_1898" data-value="1898" onclick="_gaq.push(['_trackEvent','filter-All+Scotch+Whiskies','click','Vintage-1898'])"> <label class="filter-checkbox__label filter-checkbox__label-checkbox" for="filterVintage_1898">1898 (1)</label></div><div class="filter-checkbox filter-checkbox--v2"><input class="filter-checkbox__input js-filter-checkbox__input" type="checkbox" id="filterVintage_1924" data-value="1924" onclick="_gaq.push(['_trackEvent','filter-All+Scotch+Whiskies','click','Vintage-1924'])"> <label class="filter-checkbox__label filter-checkbox__label-checkbox" for="filterVintage_1924">1924 (2)</label></div><div class="filter-checkbox filter-checkbox--v2"><input class="filter-checkbox__input js-filter-checkbox__input" type="checkbox" id="filterVintage_1936" data-value="1936" onclick="_gaq.push(['_trackEvent','filter-All+Scotch+Whiskies','click','Vintage-1936'])"> <label class="filter-checkbox__label filter-checkbox__label-checkbox" for="filterVintage_1936">1936 (7)</label></div><div class="filter-checkbox filter-checkbox--v2"><input class="filter-checkbox__input js-filter-checkbox__input" type="checkbox" id="filterVintage_1937" data-value="1937" onclick="_gaq.push(['_trackEvent','filter-All+Scotch+Whiskies','click','Vintage-1937'])"> <label class="filter-checkbox__label filter-checkbox__label-checkbox" for="filterVintage_1937">1937 (9)</label></div><div class="filter-checkbox filter-checkbox--v2"><input class="filter-checkbox__input js-filter-checkbox__input" type="checkbox" id="filterVintage_1938" data-value="1938" onclick="_gaq.push(['_trackEvent','filter-All+Scotch+Whiskies','click','Vintage-1938'])"> <label class="filter-checkbox__label filter-checkbox__label-checkbox" for="filterVintage_1938">1938 (14)</label></div><div class="filter-checkbox filter-checkbox--v2"><input class="filter-checkbox__input js-filter-checkbox__input" type="checkbox" id="filterVintage_1939" data-value="1939" onclick="_gaq.push(['_trackEvent','filter-All+Scotch+Whiskies','click','Vintage-1939'])"> <label class="filter-checkbox__label filter-checkbox__label-checkbox" for="filterVintage_1939">1939 (4)</label></div><div class="filter-checkbox filter-checkbox--v2"><input class="filter-checkbox__input js-filter-checkbox__input" type="checkbox" id="filterVintage_1940" data-value="1940" onclick="_gaq.push(['_trackEvent','filter-All+Scotch+Whiskies','click','Vintage-1940'])"> <label class="filter-checkbox__label filter-checkbox__label-checkbox" for="filterVintage_1940">1940 (5)</label></div><div class="filter-checkbox filter-checkbox--v2"><input class="filter-checkbox__input js-filter-checkbox__input" type="checkbox" id="filterVintage_1946" data-value="1946" onclick="_gaq.push(['_trackEvent','filter-All+Scotch+Whiskies','click','Vintage-1946'])"> <label class="filter-checkbox__label filter-checkbox__label-checkbox" for="filterVintage_1946">1946 (3)</label></div><div class="filter-checkbox filter-checkbox--v2"><input class="filter-checkbox__input js-filter-checkbox__input" type="checkbox" id="filterVintage_1947" data-value="1947" onclick="_gaq.push(['_trackEvent','filter-All+Scotch+Whiskies','click','Vintage-1947'])"> <label class="filter-checkbox__label filter-checkbox__label-checkbox" for="filterVintage_1947">1947 (1)</label></div><div class="filter-checkbox filter-checkbox--v2"><input class="filter-checkbox__input js-filter-checkbox__input" type="checkbox" id="filterVintage_1948" data-value="1948" onclick="_gaq.push(['_trackEvent','filter-All+Scotch+Whiskies','click','Vintage-1948'])"> <label class="filter-checkbox__label filter-checkbox__label-checkbox" for="filterVintage_1948">1948 (9)</label></div><div class="filter-checkbox filter-checkbox--v2"><input class="filter-checkbox__input js-filter-checkbox__input" type="checkbox" id="filterVintage_1949" data-value="1949" onclick="_gaq.push(['_trackEvent','filter-All+Scotch+Whiskies','click','Vintage-1949'])"> <label class="filter-checkbox__label filter-checkbox__label-checkbox" for="filterVintage_1949">1949 (9)</label></div><div class="filter-checkbox filter-checkbox--v2"><input class="filter-checkbox__input js-filter-checkbox__input" type="checkbox" id="filterVintage_1950" data-value="1950" onclick="_gaq.push(['_trackEvent','filter-All+Scotch+Whiskies','click','Vintage-1950'])"> <label class="filter-checkbox__label filter-checkbox__label-checkbox" for="filterVintage_1950">1950 (5)</label></div><div class="filter-checkbox filter-checkbox--v2"><input class="filter-checkbox__input js-filter-checkbox__input" type="checkbox" id="filterVintage_1951" data-value="1951" onclick="_gaq.push(['_trackEvent','filter-All+Scotch+Whiskies','click','Vintage-1951'])"> <label class="filter-checkbox__label filter-checkbox__label-checkbox" for="filterVintage_1951">1951 (6)</label></div><div class="filter-checkbox filter-checkbox--v2"><input class="filter-checkbox__input js-filter-checkbox__input" type="checkbox" id="filterVintage_1952" data-value="1952" onclick="_gaq.push(['_trackEvent','filter-All+Scotch+Whiskies','click','Vintage-1952'])"> <label class="filter-checkbox__label filter-checkbox__label-checkbox" for="filterVintage_1952">1952 (8)</label></div><div class="filter-checkbox filter-checkbox--v2"><input class="filter-checkbox__input js-filter-checkbox__input" type="checkbox" id="filterVintage_1953" data-value="1953" onclick="_gaq.push(['_trackEvent','filter-All+Scotch+Whiskies','click','Vintage-1953'])"> <label class="filter-checkbox__label filter-checkbox__label-checkbox" for="filterVintage_1953">1953 (9)</label></div><div class="filter-checkbox filter-checkbox--v2"><input class="filter-checkbox__input js-filter-checkbox__input" type="checkbox" id="filterVintage_1954" data-value="1954" onclick="_gaq.push(['_trackEvent','filter-All+Scotch+Whiskies','click','Vintage-1954'])"> <label class="filter-checkbox__label filter-checkbox__label-checkbox" for="filterVintage_1954">1954 (12)</label></div><div class="filter-checkbox filter-checkbox--v2"><input class="filter-checkbox__input js-filter-checkbox__input" type="checkbox" id="filterVintage_1955" data-value="1955" onclick="_gaq.push(['_trackEvent','filter-All+Scotch+Whiskies','click','Vintage-1955'])"> <label class="filter-checkbox__label filter-checkbox__label-checkbox" for="filterVintage_1955">1955 (5)</label></div><div class="filter-checkbox filter-checkbox--v2"><input class="filter-checkbox__input js-filter-checkbox__input" type="checkbox" id="filterVintage_1956" data-value="1956" onclick="_gaq.push(['_trackEvent','filter-All+Scotch+Whiskies','click','Vintage-1956'])"> <label class="filter-checkbox__label filter-checkbox__label-checkbox" for="filterVintage_1956">1956 (15)</label></div><div class="filter-checkbox filter-checkbox--v2"><input class="filter-checkbox__input js-filter-checkbox__input" type="checkbox" id="filterVintage_1957" data-value="1957" onclick="_gaq.push(['_trackEvent','filter-All+Scotch+Whiskies','click','Vintage-1957'])"> <label class="filter-checkbox__label filter-checkbox__label-checkbox" for="filterVintage_1957">1957 (12)</label></div><div class="filter-checkbox filter-checkbox--v2"><input class="filter-checkbox__input js-filter-checkbox__input" type="checkbox" id="filterVintage_1958" data-value="1958" onclick="_gaq.push(['_trackEvent','filter-All+Scotch+Whiskies','click','Vintage-1958'])"> <label class="filter-checkbox__label filter-checkbox__label-checkbox" for="filterVintage_1958">1958 (9)</label></div><div class="filter-checkbox filter-checkbox--v2"><input class="filter-checkbox__input js-filter-checkbox__input" type="checkbox" id="filterVintage_1959" data-value="1959" onclick="_gaq.push(['_trackEvent','filter-All+Scotch+Whiskies','click','Vintage-1959'])"> <label class="filter-checkbox__label filter-checkbox__label-checkbox" for="filterVintage_1959">1959 (8)</label></div><div class="filter-checkbox filter-checkbox--v2"><input class="filter-checkbox__input js-filter-checkbox__input" type="checkbox" id="filterVintage_1960" data-value="1960" onclick="_gaq.push(['_trackEvent','filter-All+Scotch+Whiskies','click','Vintage-1960'])"> <label class="filter-checkbox__label filter-checkbox__label-checkbox" for="filterVintage_1960">1960 (6)</label></div><div class="filter-checkbox filter-checkbox--v2"><input class="filter-checkbox__input js-filter-checkbox__input" type="checkbox" id="filterVintage_1961" data-value="1961" onclick="_gaq.push(['_trackEvent','filter-All+Scotch+Whiskies','click','Vintage-1961'])"> <label class="filter-checkbox__label filter-checkbox__label-checkbox" for="filterVintage_1961">1961 (7)</label></div><div class="filter-checkbox filter-checkbox--v2"><input class="filter-checkbox__input js-filter-checkbox__input" type="checkbox" id="filterVintage_1962" data-value="1962" onclick="_gaq.push(['_trackEvent','filter-All+Scotch+Whiskies','click','Vintage-1962'])"> <label class="filter-checkbox__label filter-checkbox__label-checkbox" for="filterVintage_1962">1962 (8)</label></div><div class="filter-checkbox filter-checkbox--v2"><input class="filter-checkbox__input js-filter-checkbox__input" type="checkbox" id="filterVintage_1963" data-value="1963" onclick="_gaq.push(['_trackEvent','filter-All+Scotch+Whiskies','click','Vintage-1963'])"> <label class="filter-checkbox__label filter-checkbox__label-checkbox" for="filterVintage_1963">1963 (14)</label></div><div class="filter-checkbox filter-checkbox--v2"><input class="filter-checkbox__input js-filter-checkbox__input" type="checkbox" id="filterVintage_1964" data-value="1964" onclick="_gaq.push(['_trackEvent','filter-All+Scotch+Whiskies','click','Vintage-1964'])"> <label class="filter-checkbox__label filter-checkbox__label-checkbox" for="filterVintage_1964">1964 (18)</label></div><div class="filter-checkbox filter-checkbox--v2"><input class="filter-checkbox__input js-filter-checkbox__input" type="checkbox" id="filterVintage_1965" data-value="1965" onclick="_gaq.push(['_trackEvent','filter-All+Scotch+Whiskies','click','Vintage-1965'])"> <label class="filter-checkbox__label filter-checkbox__label-checkbox" for="filterVintage_1965">1965 (54)</label></div><div class="filter-checkbox filter-checkbox--v2"><input class="filter-checkbox__input js-filter-checkbox__input" type="checkbox" id="filterVintage_1966" data-value="1966" onclick="_gaq.push(['_trackEvent','filter-All+Scotch+Whiskies','click','Vintage-1966'])"> <label class="filter-checkbox__label filter-checkbox__label-checkbox" for="filterVintage_1966">1966 (98)</label></div><div class="filter-checkbox filter-checkbox--v2"><input class="filter-checkbox__input js-filter-checkbox__input" type="checkbox" id="filterVintage_1967" data-value="1967" onclick="_gaq.push(['_trackEvent','filter-All+Scotch+Whiskies','click','Vintage-1967'])"> <label class="filter-checkbox__label filter-checkbox__label-checkbox" for="filterVintage_1967">1967 (61)</label></div><div class="filter-checkbox filter-checkbox--v2"><input class="filter-checkbox__input js-filter-checkbox__input" type="checkbox" id="filterVintage_1968" data-value="1968" onclick="_gaq.push(['_trackEvent','filter-All+Scotch+Whiskies','click','Vintage-1968'])"> <label class="filter-checkbox__label filter-checkbox__label-checkbox" for="filterVintage_1968">1968 (59)</label></div><div class="filter-checkbox filter-checkbox--v2"><input class="filter-checkbox__input js-filter-checkbox__input" type="checkbox" id="filterVintage_1969" data-value="1969" onclick="_gaq.push(['_trackEvent','filter-All+Scotch+Whiskies','click','Vintage-1969'])"> <label class="filter-checkbox__label filter-checkbox__label-checkbox" for="filterVintage_1969">1969 (39)</label></div><div class="filter-checkbox filter-checkbox--v2"><input class="filter-checkbox__input js-filter-checkbox__input" type="checkbox" id="filterVintage_1970" data-value="1970" onclick="_gaq.push(['_trackEvent','filter-All+Scotch+Whiskies','click','Vintage-1970'])"> <label class="filter-checkbox__label filter-checkbox__label-checkbox" for="filterVintage_1970">1970 (34)</label></div><div class="filter-checkbox filter-checkbox--v2"><input class="filter-checkbox__input js-filter-checkbox__input" type="checkbox" id="filterVintage_1971" data-value="1971" onclick="_gaq.push(['_trackEvent','filter-All+Scotch+Whiskies','click','Vintage-1971'])"> <label class="filter-checkbox__label filter-checkbox__label-checkbox" for="filterVintage_1971">1971 (40)</label></div><div class="filter-checkbox filter-checkbox--v2"><input class="filter-checkbox__input js-filter-checkbox__input" type="checkbox" id="filterVintage_1972" data-value="1972" onclick="_gaq.push(['_trackEvent','filter-All+Scotch+Whiskies','click','Vintage-1972'])"> <label class="filter-checkbox__label filter-checkbox__label-checkbox" for="filterVintage_1972">1972 (106)</label></div><div class="filter-checkbox filter-checkbox--v2"><input class="filter-checkbox__input js-filter-checkbox__input" type="checkbox" id="filterVintage_1973" data-value="1973" onclick="_gaq.push(['_trackEvent','filter-All+Scotch+Whiskies','click','Vintage-1973'])"> <label class="filter-checkbox__label filter-checkbox__label-checkbox" for="filterVintage_1973">1973 (59)</label></div><div class="filter-checkbox filter-checkbox--v2"><input class="filter-checkbox__input js-filter-checkbox__input" type="checkbox" id="filterVintage_1974" data-value="1974" onclick="_gaq.push(['_trackEvent','filter-All+Scotch+Whiskies','click','Vintage-1974'])"> <label class="filter-checkbox__label filter-checkbox__label-checkbox" for="filterVintage_1974">1974 (44)</label></div><div class="filter-checkbox filter-checkbox--v2"><input class="filter-checkbox__input js-filter-checkbox__input" type="checkbox" id="filterVintage_1975" data-value="1975" onclick="_gaq.push(['_trackEvent','filter-All+Scotch+Whiskies','click','Vintage-1975'])"> <label class="filter-checkbox__label filter-checkbox__label-checkbox" for="filterVintage_1975">1975 (74)</label></div><div class="filter-checkbox filter-checkbox--v2"><input class="filter-checkbox__input js-filter-checkbox__input" type="checkbox" id="filterVintage_1976" data-value="1976" onclick="_gaq.push(['_trackEvent','filter-All+Scotch+Whiskies','click','Vintage-1976'])"> <label class="filter-checkbox__label filter-checkbox__label-checkbox" for="filterVintage_1976">1976 (65)</label></div><div class="filter-checkbox filter-checkbox--v2"><input class="filter-checkbox__input js-filter-checkbox__input" type="checkbox" id="filterVintage_1977" data-value="1977" onclick="_gaq.push(['_trackEvent','filter-All+Scotch+Whiskies','click','Vintage-1977'])"> <label class="filter-checkbox__label filter-checkbox__label-checkbox" for="filterVintage_1977">1977 (45)</label></div><div class="filter-checkbox filter-checkbox--v2"><input class="filter-checkbox__input js-filter-checkbox__input" type="checkbox" id="filterVintage_1978" data-value="1978" onclick="_gaq.push(['_trackEvent','filter-All+Scotch+Whiskies','click','Vintage-1978'])"> <label class="filter-checkbox__label filter-checkbox__label-checkbox" for="filterVintage_1978">1978 (65)</label></div><div class="filter-checkbox filter-checkbox--v2"><input class="filter-checkbox__input js-filter-checkbox__input" type="checkbox" id="filterVintage_1979" data-value="1979" onclick="_gaq.push(['_trackEvent','filter-All+Scotch+Whiskies','click','Vintage-1979'])"> <label class="filter-checkbox__label filter-checkbox__label-checkbox" for="filterVintage_1979">1979 (74)</label></div><div class="filter-checkbox filter-checkbox--v2"><input class="filter-checkbox__input js-filter-checkbox__input" type="checkbox" id="filterVintage_1980" data-value="1980" onclick="_gaq.push(['_trackEvent','filter-All+Scotch+Whiskies','click','Vintage-1980'])"> <label class="filter-checkbox__label filter-checkbox__label-checkbox" for="filterVintage_1980">1980 (47)</label></div><div class="filter-checkbox filter-checkbox--v2"><input class="filter-checkbox__input js-filter-checkbox__input" type="checkbox" id="filterVintage_1981" data-value="1981" onclick="_gaq.push(['_trackEvent','filter-All+Scotch+Whiskies','click','Vintage-1981'])"> <label class="filter-checkbox__label filter-checkbox__label-checkbox" for="filterVintage_1981">1981 (61)</label></div><div class="filter-checkbox filter-checkbox--v2"><input class="filter-checkbox__input js-filter-checkbox__input" type="checkbox" id="filterVintage_1982" data-value="1982" onclick="_gaq.push(['_trackEvent','filter-All+Scotch+Whiskies','click','Vintage-1982'])"> <label class="filter-checkbox__label filter-checkbox__label-checkbox" for="filterVintage_1982">1982 (75)</label></div><div class="filter-checkbox filter-checkbox--v2"><input class="filter-checkbox__input js-filter-checkbox__input" type="checkbox" id="filterVintage_1983" data-value="1983" onclick="_gaq.push(['_trackEvent','filter-All+Scotch+Whiskies','click','Vintage-1983'])"> <label class="filter-checkbox__label filter-checkbox__label-checkbox" for="filterVintage_1983">1983 (59)</label></div><div class="filter-checkbox filter-checkbox--v2"><input class="filter-checkbox__input js-filter-checkbox__input" type="checkbox" id="filterVintage_1984" data-value="1984" onclick="_gaq.push(['_trackEvent','filter-All+Scotch+Whiskies','click','Vintage-1984'])"> <label class="filter-checkbox__label filter-checkbox__label-checkbox" for="filterVintage_1984">1984 (5)</label></div><div class="filter-checkbox filter-checkbox--v2"><input class="filter-checkbox__input js-filter-checkbox__input" type="checkbox" id="filterVintage_1985" data-value="1985" onclick="_gaq.push(['_trackEvent','filter-All+Scotch+Whiskies','click','Vintage-1985'])"> <label class="filter-checkbox__label filter-checkbox__label-checkbox" for="filterVintage_1985">1985 (9)</label></div><div class="filter-checkbox filter-checkbox--v2"><input class="filter-checkbox__input js-filter-checkbox__input" type="checkbox" id="filterVintage_1986" data-value="1986" onclick="_gaq.push(['_trackEvent','filter-All+Scotch+Whiskies','click','Vintage-1986'])"> <label class="filter-checkbox__label filter-checkbox__label-checkbox" for="filterVintage_1986">1986 (8)</label></div><div class="filter-checkbox filter-checkbox--v2"><input class="filter-checkbox__input js-filter-checkbox__input" type="checkbox" id="filterVintage_1987" data-value="1987" onclick="_gaq.push(['_trackEvent','filter-All+Scotch+Whiskies','click','Vintage-1987'])"> <label class="filter-checkbox__label filter-checkbox__label-checkbox" for="filterVintage_1987">1987 (13)</label></div><div class="filter-checkbox filter-checkbox--v2"><input class="filter-checkbox__input js-filter-checkbox__input" type="checkbox" id="filterVintage_1988" data-value="1988" onclick="_gaq.push(['_trackEvent','filter-All+Scotch+Whiskies','click','Vintage-1988'])"> <label class="filter-checkbox__label filter-checkbox__label-checkbox" for="filterVintage_1988">1988 (8)</label></div><div class="filter-checkbox filter-checkbox--v2"><input class="filter-checkbox__input js-filter-checkbox__input" type="checkbox" id="filterVintage_1989" data-value="1989" onclick="_gaq.push(['_trackEvent','filter-All+Scotch+Whiskies','click','Vintage-1989'])"> <label class="filter-checkbox__label filter-checkbox__label-checkbox" for="filterVintage_1989">1989 (27)</label></div><div class="filter-checkbox filter-checkbox--v2"><input class="filter-checkbox__input js-filter-checkbox__input" type="checkbox" id="filterVintage_1990" data-value="1990" onclick="_gaq.push(['_trackEvent','filter-All+Scotch+Whiskies','click','Vintage-1990'])"> <label class="filter-checkbox__label filter-checkbox__label-checkbox" for="filterVintage_1990">1990 (29)</label></div><div class="filter-checkbox filter-checkbox--v2"><input class="filter-checkbox__input js-filter-checkbox__input" type="checkbox" id="filterVintage_1991" data-value="1991" onclick="_gaq.push(['_trackEvent','filter-All+Scotch+Whiskies','click','Vintage-1991'])"> <label class="filter-checkbox__label filter-checkbox__label-checkbox" for="filterVintage_1991">1991 (40)</label></div><div class="filter-checkbox filter-checkbox--v2"><input class="filter-checkbox__input js-filter-checkbox__input" type="checkbox" id="filterVintage_1992" data-value="1992" onclick="_gaq.push(['_trackEvent','filter-All+Scotch+Whiskies','click','Vintage-1992'])"> <label class="filter-checkbox__label filter-checkbox__label-checkbox" for="filterVintage_1992">1992 (28)</label></div><div class="filter-checkbox filter-checkbox--v2"><input class="filter-checkbox__input js-filter-checkbox__input" type="checkbox" id="filterVintage_1993" data-value="1993" onclick="_gaq.push(['_trackEvent','filter-All+Scotch+Whiskies','click','Vintage-1993'])"> <label class="filter-checkbox__label filter-checkbox__label-checkbox" for="filterVintage_1993">1993 (22)</label></div><div class="filter-checkbox filter-checkbox--v2"><input class="filter-checkbox__input js-filter-checkbox__input" type="checkbox" id="filterVintage_1994" data-value="1994" onclick="_gaq.push(['_trackEvent','filter-All+Scotch+Whiskies','click','Vintage-1994'])"> <label class="filter-checkbox__label filter-checkbox__label-checkbox" for="filterVintage_1994">1994 (10)</label></div><div class="filter-checkbox filter-checkbox--v2"><input class="filter-checkbox__input js-filter-checkbox__input" type="checkbox" id="filterVintage_1995" data-value="1995" onclick="_gaq.push(['_trackEvent','filter-All+Scotch+Whiskies','click','Vintage-1995'])"> <label class="filter-checkbox__label filter-checkbox__label-checkbox" for="filterVintage_1995">1995 (19)</label></div><div class="filter-checkbox filter-checkbox--v2"><input class="filter-checkbox__input js-filter-checkbox__input" type="checkbox" id="filterVintage_1996" data-value="1996" onclick="_gaq.push(['_trackEvent','filter-All+Scotch+Whiskies','click','Vintage-1996'])"> <label class="filter-checkbox__label filter-checkbox__label-checkbox" for="filterVintage_1996">1996 (18)</label></div><div class="filter-checkbox filter-checkbox--v2"><input class="filter-checkbox__input js-filter-checkbox__input" type="checkbox" id="filterVintage_1997" data-value="1997" onclick="_gaq.push(['_trackEvent','filter-All+Scotch+Whiskies','click','Vintage-1997'])"> <label class="filter-checkbox__label filter-checkbox__label-checkbox" for="filterVintage_1997">1997 (30)</label></div><div class="filter-checkbox filter-checkbox--v2"><input class="filter-checkbox__input js-filter-checkbox__input" type="checkbox" id="filterVintage_1998" data-value="1998" onclick="_gaq.push(['_trackEvent','filter-All+Scotch+Whiskies','click','Vintage-1998'])"> <label class="filter-checkbox__label filter-checkbox__label-checkbox" for="filterVintage_1998">1998 (26)</label></div><div class="filter-checkbox filter-checkbox--v2"><input class="filter-checkbox__input js-filter-checkbox__input" type="checkbox" id="filterVintage_1999" data-value="1999" onclick="_gaq.push(['_trackEvent','filter-All+Scotch+Whiskies','click','Vintage-1999'])"> <label class="filter-checkbox__label filter-checkbox__label-checkbox" for="filterVintage_1999">1999 (16)</label></div><div class="filter-checkbox filter-checkbox--v2"><input class="filter-checkbox__input js-filter-checkbox__input" type="checkbox" id="filterVintage_2000" data-value="2000" onclick="_gaq.push(['_trackEvent','filter-All+Scotch+Whiskies','click','Vintage-2000'])"> <label class="filter-checkbox__label filter-checkbox__label-checkbox" for="filterVintage_2000">2000 (23)</label></div><div class="filter-checkbox filter-checkbox--v2"><input class="filter-checkbox__input js-filter-checkbox__input" type="checkbox" id="filterVintage_2001" data-value="2001" onclick="_gaq.push(['_trackEvent','filter-All+Scotch+Whiskies','click','Vintage-2001'])"> <label class="filter-checkbox__label filter-checkbox__label-checkbox" for="filterVintage_2001">2001 (15)</label></div><div class="filter-checkbox filter-checkbox--v2"><input class="filter-checkbox__input js-filter-checkbox__input" type="checkbox" id="filterVintage_2002" data-value="2002" onclick="_gaq.push(['_trackEvent','filter-All+Scotch+Whiskies','click','Vintage-2002'])"> <label class="filter-checkbox__label filter-checkbox__label-checkbox" for="filterVintage_2002">2002 (7)</label></div><div class="filter-checkbox filter-checkbox--v2"><input class="filter-checkbox__input js-filter-checkbox__input" type="checkbox" id="filterVintage_2003" data-value="2003" onclick="_gaq.push(['_trackEvent','filter-All+Scotch+Whiskies','click','Vintage-2003'])"> <label class="filter-checkbox__label filter-checkbox__label-checkbox" for="filterVintage_2003">2003 (12)</label></div><div class="filter-checkbox filter-checkbox--v2"><input class="filter-checkbox__input js-filter-checkbox__input" type="checkbox" id="filterVintage_2004" data-value="2004" onclick="_gaq.push(['_trackEvent','filter-All+Scotch+Whiskies','click','Vintage-2004'])"> <label class="filter-checkbox__label filter-checkbox__label-checkbox" for="filterVintage_2004">2004 (9)</label></div><div class="filter-checkbox filter-checkbox--v2"><input class="filter-checkbox__input js-filter-checkbox__input" type="checkbox" id="filterVintage_2005" data-value="2005" onclick="_gaq.push(['_trackEvent','filter-All+Scotch+Whiskies','click','Vintage-2005'])"> <label class="filter-checkbox__label filter-checkbox__label-checkbox" for="filterVintage_2005">2005 (21)</label></div><div class="filter-checkbox filter-checkbox--v2"><input class="filter-checkbox__input js-filter-checkbox__input" type="checkbox" id="filterVintage_2006" data-value="2006" onclick="_gaq.push(['_trackEvent','filter-All+Scotch+Whiskies','click','Vintage-2006'])"> <label class="filter-checkbox__label filter-checkbox__label-checkbox" for="filterVintage_2006">2006 (17)</label></div><div class="filter-checkbox filter-checkbox--v2"><input class="filter-checkbox__input js-filter-checkbox__input" type="checkbox" id="filterVintage_2007" data-value="2007" onclick="_gaq.push(['_trackEvent','filter-All+Scotch+Whiskies','click','Vintage-2007'])"> <label class="filter-checkbox__label filter-checkbox__label-checkbox" for="filterVintage_2007">2007 (25)</label></div><div class="filter-checkbox filter-checkbox--v2"><input class="filter-checkbox__input js-filter-checkbox__input" type="checkbox" id="filterVintage_2008" data-value="2008" onclick="_gaq.push(['_trackEvent','filter-All+Scotch+Whiskies','click','Vintage-2008'])"> <label class="filter-checkbox__label filter-checkbox__label-checkbox" for="filterVintage_2008">2008 (38)</label></div><div class="filter-checkbox filter-checkbox--v2"><input class="filter-checkbox__input js-filter-checkbox__input" type="checkbox" id="filterVintage_2009" data-value="2009" onclick="_gaq.push(['_trackEvent','filter-All+Scotch+Whiskies','click','Vintage-2009'])"> <label class="filter-checkbox__label filter-checkbox__label-checkbox" for="filterVintage_2009">2009 (27)</label></div><div class="filter-checkbox filter-checkbox--v2"><input class="filter-checkbox__input js-filter-checkbox__input" type="checkbox" id="filterVintage_2010" data-value="2010" onclick="_gaq.push(['_trackEvent','filter-All+Scotch+Whiskies','click','Vintage-2010'])"> <label class="filter-checkbox__label filter-checkbox__label-checkbox" for="filterVintage_2010">2010 (26)</label></div><div class="filter-checkbox filter-checkbox--v2"><input class="filter-checkbox__input js-filter-checkbox__input" type="checkbox" id="filterVintage_2011" data-value="2011" onclick="_gaq.push(['_trackEvent','filter-All+Scotch+Whiskies','click','Vintage-2011'])"> <label class="filter-checkbox__label filter-checkbox__label-checkbox" for="filterVintage_2011">2011 (33)</label></div><div class="filter-checkbox filter-checkbox--v2"><input class="filter-checkbox__input js-filter-checkbox__input" type="checkbox" id="filterVintage_2012" data-value="2012" onclick="_gaq.push(['_trackEvent','filter-All+Scotch+Whiskies','click','Vintage-2012'])"> <label class="filter-checkbox__label filter-checkbox__label-checkbox" for="filterVintage_2012">2012 (31)</label></div><div class="filter-checkbox filter-checkbox--v2"><input class="filter-checkbox__input js-filter-checkbox__input" type="checkbox" id="filterVintage_2013" data-value="2013" onclick="_gaq.push(['_trackEvent','filter-All+Scotch+Whiskies','click','Vintage-2013'])"> <label class="filter-checkbox__label filter-checkbox__label-checkbox" for="filterVintage_2013">2013 (22)</label></div><div class="filter-checkbox filter-checkbox--v2"><input class="filter-checkbox__input js-filter-checkbox__input" type="checkbox" id="filterVintage_2014" data-value="2014" onclick="_gaq.push(['_trackEvent','filter-All+Scotch+Whiskies','click','Vintage-2014'])"> <label class="filter-checkbox__label filter-checkbox__label-checkbox" for="filterVintage_2014">2014 (20)</label></div><div class="filter-checkbox filter-checkbox--v2"><input class="filter-checkbox__input js-filter-checkbox__input" type="checkbox" id="filterVintage_2015" data-value="2015" onclick="_gaq.push(['_trackEvent','filter-All+Scotch+Whiskies','click','Vintage-2015'])"> <label class="filter-checkbox__label filter-checkbox__label-checkbox" for="filterVintage_2015">2015 (8)</label></div><div class="filter-checkbox filter-checkbox--v2"><input class="filter-checkbox__input js-filter-checkbox__input" type="checkbox" id="filterVintage_2016" data-value="2016" onclick="_gaq.push(['_trackEvent','filter-All+Scotch+Whiskies','click','Vintage-2016'])"> <label class="filter-checkbox__label filter-checkbox__label-checkbox" for="filterVintage_2016">2016 (7)</label></div><div class="filter-checkbox filter-checkbox--v2"><input class="filter-checkbox__input js-filter-checkbox__input" type="checkbox" id="filterVintage_2017" data-value="2017" onclick="_gaq.push(['_trackEvent','filter-All+Scotch+Whiskies','click','Vintage-2017'])"> <label class="filter-checkbox__label filter-checkbox__label-checkbox" for="filterVintage_2017">2017 (12)</label></div><div class="filter-checkbox filter-checkbox--v2"><input class="filter-checkbox__input js-filter-checkbox__input" type="checkbox" id="filterVintage_2018" data-value="2018" onclick="_gaq.push(['_trackEvent','filter-All+Scotch+Whiskies','click','Vintage-2018'])"> <label class="filter-checkbox__label filter-checkbox__label-checkbox" for="filterVintage_2018">2018 (6)</label></div><div class="filter-checkbox filter-checkbox--v2"><input class="filter-checkbox__input js-filter-checkbox__input" type="checkbox" id="filterVintage_2019" data-value="2019" onclick="_gaq.push(['_trackEvent','filter-All+Scotch+Whiskies','click','Vintage-2019'])"> <label class="filter-checkbox__label filter-checkbox__label-checkbox" for="filterVintage_2019">2019 (1)</label></div><div class="filter-checkbox filter-checkbox--v2"><input class="filter-checkbox__input js-filter-checkbox__input" type="checkbox" id="filterVintage_2021" data-value="2021" onclick="_gaq.push(['_trackEvent','filter-All+Scotch+Whiskies','click','Vintage-2021'])"> <label class="filter-checkbox__label filter-checkbox__label-checkbox" for="filterVintage_2021">2021 (1)</label></div><div class="filter-checkbox filter-checkbox--v2"><input class="filter-checkbox__input js-filter-checkbox__input" type="checkbox" id="filterVintage_2023" data-value="2023" onclick="_gaq.push(['_trackEvent','filter-All+Scotch+Whiskies','click','Vintage-2023'])"> <label class="filter-checkbox__label filter-checkbox__label-checkbox" for="filterVintage_2023">2023 (1)</label></div></div></details><details class="filter-accordion"><summary class="filter-accordion__title">Type <i class="far fa-chevron-down filter-accordion__title-icon"></i> <i class="far fa-chevron-up filter-accordion__title-icon"></i></summary><div id="filterType" class="filter-accordion__list js-filter-accordion__list" data-filtertype="multiselect" data-filtername="Type"><div class="filter-checkbox filter-checkbox--v2"><input class="filter-checkbox__input js-filter-checkbox__input" type="checkbox" id="filterType_Maize" data-value="Maize" onclick="_gaq.push(['_trackEvent','filter-All+Scotch+Whiskies','click','Type-Maize'])"> <label class="filter-checkbox__label filter-checkbox__label-checkbox" for="filterType_Maize">Maize (1)</label></div></div></details><details class="filter-accordion"><summary class="filter-accordion__title">Cask Type <i class="far fa-chevron-down filter-accordion__title-icon"></i> <i class="far fa-chevron-up filter-accordion__title-icon"></i></summary><div id="filterCaskType" class="filter-accordion__list js-filter-accordion__list" data-filtertype="multiselect" data-filtername="CaskType"><div class="filter-checkbox filter-checkbox--v2"><input class="filter-checkbox__input js-filter-checkbox__input" type="checkbox" id="filterCaskType_Apple+Brandy" data-value="Apple+Brandy" onclick="_gaq.push(['_trackEvent','filter-All+Scotch+Whiskies','click','CaskType-Apple+Brandy'])"> <label class="filter-checkbox__label filter-checkbox__label-checkbox" for="filterCaskType_Apple+Brandy">Apple Brandy (1)</label></div><div class="filter-checkbox filter-checkbox--v2"><input class="filter-checkbox__input js-filter-checkbox__input" type="checkbox" id="filterCaskType_Apple+Liqueur" data-value="Apple+Liqueur" onclick="_gaq.push(['_trackEvent','filter-All+Scotch+Whiskies','click','CaskType-Apple+Liqueur'])"> <label class="filter-checkbox__label filter-checkbox__label-checkbox" for="filterCaskType_Apple+Liqueur">Apple Liqueur (1)</label></div><div class="filter-checkbox filter-checkbox--v2"><input class="filter-checkbox__input js-filter-checkbox__input" type="checkbox" id="filterCaskType_Awamori" data-value="Awamori" onclick="_gaq.push(['_trackEvent','filter-All+Scotch+Whiskies','click','CaskType-Awamori'])"> <label class="filter-checkbox__label filter-checkbox__label-checkbox" for="filterCaskType_Awamori">Awamori (1)</label></div><div class="filter-checkbox filter-checkbox--v2"><input class="filter-checkbox__input js-filter-checkbox__input" type="checkbox" id="filterCaskType_Barrel" data-value="Barrel" onclick="_gaq.push(['_trackEvent','filter-All+Scotch+Whiskies','click','CaskType-Barrel'])"> <label class="filter-checkbox__label filter-checkbox__label-checkbox" for="filterCaskType_Barrel">Barrel (1)</label></div><div class="filter-checkbox filter-checkbox--v2"><input class="filter-checkbox__input js-filter-checkbox__input" type="checkbox" id="filterCaskType_Beer" data-value="Beer" onclick="_gaq.push(['_trackEvent','filter-All+Scotch+Whiskies','click','CaskType-Beer'])"> <label class="filter-checkbox__label filter-checkbox__label-checkbox" for="filterCaskType_Beer">Beer (3)</label></div><div class="filter-checkbox filter-checkbox--v2"><input class="filter-checkbox__input js-filter-checkbox__input" type="checkbox" id="filterCaskType_Bourbon" data-value="Bourbon" onclick="_gaq.push(['_trackEvent','filter-All+Scotch+Whiskies','click','CaskType-Bourbon'])"> <label class="filter-checkbox__label filter-checkbox__label-checkbox" for="filterCaskType_Bourbon">Bourbon (182)</label></div><div class="filter-checkbox filter-checkbox--v2"><input class="filter-checkbox__input js-filter-checkbox__input" type="checkbox" id="filterCaskType_Calvados" data-value="Calvados" onclick="_gaq.push(['_trackEvent','filter-All+Scotch+Whiskies','click','CaskType-Calvados'])"> <label class="filter-checkbox__label filter-checkbox__label-checkbox" for="filterCaskType_Calvados">Calvados (3)</label></div><div class="filter-checkbox filter-checkbox--v2"><input class="filter-checkbox__input js-filter-checkbox__input" type="checkbox" id="filterCaskType_Cognac" data-value="Cognac" onclick="_gaq.push(['_trackEvent','filter-All+Scotch+Whiskies','click','CaskType-Cognac'])"> <label class="filter-checkbox__label filter-checkbox__label-checkbox" for="filterCaskType_Cognac">Cognac (8)</label></div><div class="filter-checkbox filter-checkbox--v2"><input class="filter-checkbox__input js-filter-checkbox__input" type="checkbox" id="filterCaskType_Madeira" data-value="Madeira" onclick="_gaq.push(['_trackEvent','filter-All+Scotch+Whiskies','click','CaskType-Madeira'])"> <label class="filter-checkbox__label filter-checkbox__label-checkbox" for="filterCaskType_Madeira">Madeira (8)</label></div><div class="filter-checkbox filter-checkbox--v2"><input class="filter-checkbox__input js-filter-checkbox__input" type="checkbox" id="filterCaskType_Marsala" data-value="Marsala" onclick="_gaq.push(['_trackEvent','filter-All+Scotch+Whiskies','click','CaskType-Marsala'])"> <label class="filter-checkbox__label filter-checkbox__label-checkbox" for="filterCaskType_Marsala">Marsala (2)</label></div><div class="filter-checkbox filter-checkbox--v2"><input class="filter-checkbox__input js-filter-checkbox__input" type="checkbox" id="filterCaskType_Mizunara" data-value="Mizunara" onclick="_gaq.push(['_trackEvent','filter-All+Scotch+Whiskies','click','CaskType-Mizunara'])"> <label class="filter-checkbox__label filter-checkbox__label-checkbox" for="filterCaskType_Mizunara">Mizunara (3)</label></div><div class="filter-checkbox filter-checkbox--v2"><input class="filter-checkbox__input js-filter-checkbox__input" type="checkbox" id="filterCaskType_New+oak" data-value="New+oak" onclick="_gaq.push(['_trackEvent','filter-All+Scotch+Whiskies','click','CaskType-New+oak'])"> <label class="filter-checkbox__label filter-checkbox__label-checkbox" for="filterCaskType_New+oak">New oak (7)</label></div><div class="filter-checkbox filter-checkbox--v2"><input class="filter-checkbox__input js-filter-checkbox__input" type="checkbox" id="filterCaskType_Oak" data-value="Oak" onclick="_gaq.push(['_trackEvent','filter-All+Scotch+Whiskies','click','CaskType-Oak'])"> <label class="filter-checkbox__label filter-checkbox__label-checkbox" for="filterCaskType_Oak">Oak (3)</label></div><div class="filter-checkbox filter-checkbox--v2"><input class="filter-checkbox__input js-filter-checkbox__input" type="checkbox" id="filterCaskType_Oloroso" data-value="Oloroso" onclick="_gaq.push(['_trackEvent','filter-All+Scotch+Whiskies','click','CaskType-Oloroso'])"> <label class="filter-checkbox__label filter-checkbox__label-checkbox" for="filterCaskType_Oloroso">Oloroso (1)</label></div><div class="filter-checkbox filter-checkbox--v2"><input class="filter-checkbox__input js-filter-checkbox__input" type="checkbox" id="filterCaskType_Peated" data-value="Peated" onclick="_gaq.push(['_trackEvent','filter-All+Scotch+Whiskies','click','CaskType-Peated'])"> <label class="filter-checkbox__label filter-checkbox__label-checkbox" for="filterCaskType_Peated">Peated (1)</label></div><div class="filter-checkbox filter-checkbox--v2"><input class="filter-checkbox__input js-filter-checkbox__input" type="checkbox" id="filterCaskType_Pineau+des+Charentes" data-value="Pineau+des+Charentes" onclick="_gaq.push(['_trackEvent','filter-All+Scotch+Whiskies','click','CaskType-Pineau+des+Charentes'])"> <label class="filter-checkbox__label filter-checkbox__label-checkbox" for="filterCaskType_Pineau+des+Charentes">Pineau des Charentes (2)</label></div><div class="filter-checkbox filter-checkbox--v2"><input class="filter-checkbox__input js-filter-checkbox__input" type="checkbox" id="filterCaskType_Port" data-value="Port" onclick="_gaq.push(['_trackEvent','filter-All+Scotch+Whiskies','click','CaskType-Port'])"> <label class="filter-checkbox__label filter-checkbox__label-checkbox" for="filterCaskType_Port">Port (41)</label></div><div class="filter-checkbox filter-checkbox--v2"><input class="filter-checkbox__input js-filter-checkbox__input" type="checkbox" id="filterCaskType_Ratafia" data-value="Ratafia" onclick="_gaq.push(['_trackEvent','filter-All+Scotch+Whiskies','click','CaskType-Ratafia'])"> <label class="filter-checkbox__label filter-checkbox__label-checkbox" for="filterCaskType_Ratafia">Ratafia (1)</label></div><div class="filter-checkbox filter-checkbox--v2"><input class="filter-checkbox__input js-filter-checkbox__input" type="checkbox" id="filterCaskType_Rum" data-value="Rum" onclick="_gaq.push(['_trackEvent','filter-All+Scotch+Whiskies','click','CaskType-Rum'])"> <label class="filter-checkbox__label filter-checkbox__label-checkbox" for="filterCaskType_Rum">Rum (27)</label></div><div class="filter-checkbox filter-checkbox--v2"><input class="filter-checkbox__input js-filter-checkbox__input" type="checkbox" id="filterCaskType_Sherry" data-value="Sherry" onclick="_gaq.push(['_trackEvent','filter-All+Scotch+Whiskies','click','CaskType-Sherry'])"> <label class="filter-checkbox__label filter-checkbox__label-checkbox" for="filterCaskType_Sherry">Sherry (667)</label></div><div class="filter-checkbox filter-checkbox--v2"><input class="filter-checkbox__input js-filter-checkbox__input" type="checkbox" id="filterCaskType_Tequila" data-value="Tequila" onclick="_gaq.push(['_trackEvent','filter-All+Scotch+Whiskies','click','CaskType-Tequila'])"> <label class="filter-checkbox__label filter-checkbox__label-checkbox" for="filterCaskType_Tequila">Tequila (1)</label></div><div class="filter-checkbox filter-checkbox--v2"><input class="filter-checkbox__input js-filter-checkbox__input" type="checkbox" id="filterCaskType_Wine" data-value="Wine" onclick="_gaq.push(['_trackEvent','filter-All+Scotch+Whiskies','click','CaskType-Wine'])"> <label class="filter-checkbox__label filter-checkbox__label-checkbox" for="filterCaskType_Wine">Wine (80)</label></div></div></details><details class="filter-accordion"><summary class="filter-accordion__title">Single Cask <i class="far fa-chevron-down filter-accordion__title-icon"></i> <i class="far fa-chevron-up filter-accordion__title-icon"></i></summary><div id="filterSingleCask" class="filter-accordion__list js-filter-accordion__list" data-filtertype="multiselect" data-filtername="SingleCask"><div class="filter-checkbox filter-checkbox--v2"><input class="filter-checkbox__input js-filter-checkbox__input" type="checkbox" id="filterSingleCask_Yes" data-value="Yes" onclick="_gaq.push(['_trackEvent','filter-All+Scotch+Whiskies','click','SingleCask-Yes'])"> <label class="filter-checkbox__label filter-checkbox__label-checkbox" for="filterSingleCask_Yes">Yes (443)</label></div></div></details><details class="filter-accordion"><summary class="filter-accordion__title">Bottler <i class="far fa-chevron-down filter-accordion__title-icon"></i> <i class="far fa-chevron-up filter-accordion__title-icon"></i></summary><div id="filterBottler" class="filter-accordion__list js-filter-accordion__list" data-filtertype="multiselect" data-filtername="Bottler"><div class="filter-checkbox filter-checkbox--v2"><input class="filter-checkbox__input js-filter-checkbox__input" type="checkbox" id="filterBottler_Distillery+Bottling" data-value="Distillery+Bottling" onclick="_gaq.push(['_trackEvent','filter-All+Scotch+Whiskies','click','Bottler-Distillery+Bottling'])"> <label class="filter-checkbox__label filter-checkbox__label-checkbox" for="filterBottler_Distillery+Bottling">Distillery Bottling (2325)</label></div><div class="filter-checkbox filter-checkbox--v2"><input class="filter-checkbox__input js-filter-checkbox__input" type="checkbox" id="filterBottler_Independent+Bottling" data-value="Independent+Bottling" onclick="_gaq.push(['_trackEvent','filter-All+Scotch+Whiskies','click','Bottler-Independent+Bottling'])"> <label class="filter-checkbox__label filter-checkbox__label-checkbox" for="filterBottler_Independent+Bottling">Independent Bottling (1513)</label></div><div class="filter-checkbox filter-checkbox--v2"><input class="filter-checkbox__input js-filter-checkbox__input" type="checkbox" id="filterBottler_Adelphi" data-value="Adelphi" onclick="_gaq.push(['_trackEvent','filter-All+Scotch+Whiskies','click','Bottler-Adelphi'])"> <label class="filter-checkbox__label filter-checkbox__label-checkbox" for="filterBottler_Adelphi">Adelphi (26)</label></div><div class="filter-checkbox filter-checkbox--v2"><input class="filter-checkbox__input js-filter-checkbox__input" type="checkbox" id="filterBottler_Asta+Morris" data-value="Asta+Morris" onclick="_gaq.push(['_trackEvent','filter-All+Scotch+Whiskies','click','Bottler-Asta+Morris'])"> <label class="filter-checkbox__label filter-checkbox__label-checkbox" for="filterBottler_Asta+Morris">Asta Morris (2)</label></div><div class="filter-checkbox filter-checkbox--v2"><input class="filter-checkbox__input js-filter-checkbox__input" type="checkbox" id="filterBottler_Averys+of+Bristol" data-value="Averys+of+Bristol" onclick="_gaq.push(['_trackEvent','filter-All+Scotch+Whiskies','click','Bottler-Averys+of+Bristol'])"> <label class="filter-checkbox__label filter-checkbox__label-checkbox" for="filterBottler_Averys+of+Bristol">Averys of Bristol (1)</label></div><div class="filter-checkbox filter-checkbox--v2"><input class="filter-checkbox__input js-filter-checkbox__input" type="checkbox" id="filterBottler_Berry+Bros+%26+Rudd" data-value="Berry+Bros+%26+Rudd" onclick="_gaq.push(['_trackEvent','filter-All+Scotch+Whiskies','click','Bottler-Berry+Bros+%26+Rudd'])"> <label class="filter-checkbox__label filter-checkbox__label-checkbox" for="filterBottler_Berry+Bros+%26+Rudd">Berry Bros &amp; Rudd (34)</label></div><div class="filter-checkbox filter-checkbox--v2"><input class="filter-checkbox__input js-filter-checkbox__input" type="checkbox" id="filterBottler_Big+Market" data-value="Big+Market" onclick="_gaq.push(['_trackEvent','filter-All+Scotch+Whiskies','click','Bottler-Big+Market'])"> <label class="filter-checkbox__label filter-checkbox__label-checkbox" for="filterBottler_Big+Market">Big Market (1)</label></div><div class="filter-checkbox filter-checkbox--v2"><input class="filter-checkbox__input js-filter-checkbox__input" type="checkbox" id="filterBottler_Blackadder" data-value="Blackadder" onclick="_gaq.push(['_trackEvent','filter-All+Scotch+Whiskies','click','Bottler-Blackadder'])"> <label class="filter-checkbox__label filter-checkbox__label-checkbox" for="filterBottler_Blackadder">Blackadder (9)</label></div><div class="filter-checkbox filter-checkbox--v2"><input class="filter-checkbox__input js-filter-checkbox__input" type="checkbox" id="filterBottler_Brave+New+Spirits" data-value="Brave+New+Spirits" onclick="_gaq.push(['_trackEvent','filter-All+Scotch+Whiskies','click','Bottler-Brave+New+Spirits'])"> <label class="filter-checkbox__label filter-checkbox__label-checkbox" for="filterBottler_Brave+New+Spirits">Brave New Spirits (1)</label></div><div class="filter-checkbox filter-checkbox--v2"><input class="filter-checkbox__input js-filter-checkbox__input" type="checkbox" id="filterBottler_Cadenhead%27s" data-value="Cadenhead%27s" onclick="_gaq.push(['_trackEvent','filter-All+Scotch+Whiskies','click','Bottler-Cadenhead%27s'])"> <label class="filter-checkbox__label filter-checkbox__label-checkbox" for="filterBottler_Cadenhead%27s">Cadenhead's (56)</label></div><div class="filter-checkbox filter-checkbox--v2"><input class="filter-checkbox__input js-filter-checkbox__input" type="checkbox" id="filterBottler_Captain+Burn%27s" data-value="Captain+Burn%27s" onclick="_gaq.push(['_trackEvent','filter-All+Scotch+Whiskies','click','Bottler-Captain+Burn%27s'])"> <label class="filter-checkbox__label filter-checkbox__label-checkbox" for="filterBottler_Captain+Burn%27s">Captain Burn's (1)</label></div><div class="filter-checkbox filter-checkbox--v2"><input class="filter-checkbox__input js-filter-checkbox__input" type="checkbox" id="filterBottler_Carn+Mor" data-value="Carn+Mor" onclick="_gaq.push(['_trackEvent','filter-All+Scotch+Whiskies','click','Bottler-Carn+Mor'])"> <label class="filter-checkbox__label filter-checkbox__label-checkbox" for="filterBottler_Carn+Mor">Carn Mor (7)</label></div><div class="filter-checkbox filter-checkbox--v2"><input class="filter-checkbox__input js-filter-checkbox__input" type="checkbox" id="filterBottler_Chivas+Brothers" data-value="Chivas+Brothers" onclick="_gaq.push(['_trackEvent','filter-All+Scotch+Whiskies','click','Bottler-Chivas+Brothers'])"> <label class="filter-checkbox__label filter-checkbox__label-checkbox" for="filterBottler_Chivas+Brothers">Chivas Brothers (7)</label></div><div class="filter-checkbox filter-checkbox--v2"><input class="filter-checkbox__input js-filter-checkbox__input" type="checkbox" id="filterBottler_Compass+Box" data-value="Compass+Box" onclick="_gaq.push(['_trackEvent','filter-All+Scotch+Whiskies','click','Bottler-Compass+Box'])"> <label class="filter-checkbox__label filter-checkbox__label-checkbox" for="filterBottler_Compass+Box">Compass Box (23)</label></div><div class="filter-checkbox filter-checkbox--v2"><input class="filter-checkbox__input js-filter-checkbox__input" type="checkbox" id="filterBottler_Coopers+Choice" data-value="Coopers+Choice" onclick="_gaq.push(['_trackEvent','filter-All+Scotch+Whiskies','click','Bottler-Coopers+Choice'])"> <label class="filter-checkbox__label filter-checkbox__label-checkbox" for="filterBottler_Coopers+Choice">Coopers Choice (1)</label></div><div class="filter-checkbox filter-checkbox--v2"><input class="filter-checkbox__input js-filter-checkbox__input" type="checkbox" id="filterBottler_Cooper%27s+Choice" data-value="Cooper%27s+Choice" onclick="_gaq.push(['_trackEvent','filter-All+Scotch+Whiskies','click','Bottler-Cooper%27s+Choice'])"> <label class="filter-checkbox__label filter-checkbox__label-checkbox" for="filterBottler_Cooper%27s+Choice">Cooper's Choice (1)</label></div><div class="filter-checkbox filter-checkbox--v2"><input class="filter-checkbox__input js-filter-checkbox__input" type="checkbox" id="filterBottler_Corsini" data-value="Corsini" onclick="_gaq.push(['_trackEvent','filter-All+Scotch+Whiskies','click','Bottler-Corsini'])"> <label class="filter-checkbox__label filter-checkbox__label-checkbox" for="filterBottler_Corsini">Corsini (1)</label></div><div class="filter-checkbox filter-checkbox--v2"><input class="filter-checkbox__input js-filter-checkbox__input" type="checkbox" id="filterBottler_D%26C" data-value="D%26C" onclick="_gaq.push(['_trackEvent','filter-All+Scotch+Whiskies','click','Bottler-D%26C'])"> <label class="filter-checkbox__label filter-checkbox__label-checkbox" for="filterBottler_D%26C">D&amp;C (1)</label></div><div class="filter-checkbox filter-checkbox--v2"><input class="filter-checkbox__input js-filter-checkbox__input" type="checkbox" id="filterBottler_Da+Mhile" data-value="Da+Mhile" onclick="_gaq.push(['_trackEvent','filter-All+Scotch+Whiskies','click','Bottler-Da+Mhile'])"> <label class="filter-checkbox__label filter-checkbox__label-checkbox" for="filterBottler_Da+Mhile">Da Mhile (1)</label></div><div class="filter-checkbox filter-checkbox--v2"><input class="filter-checkbox__input js-filter-checkbox__input" type="checkbox" id="filterBottler_Decadent+Drinks" data-value="Decadent+Drinks" onclick="_gaq.push(['_trackEvent','filter-All+Scotch+Whiskies','click','Bottler-Decadent+Drinks'])"> <label class="filter-checkbox__label filter-checkbox__label-checkbox" for="filterBottler_Decadent+Drinks">Decadent Drinks (25)</label></div><div class="filter-checkbox filter-checkbox--v2"><input class="filter-checkbox__input js-filter-checkbox__input" type="checkbox" id="filterBottler_DH+Global+Spirits" data-value="DH+Global+Spirits" onclick="_gaq.push(['_trackEvent','filter-All+Scotch+Whiskies','click','Bottler-DH+Global+Spirits'])"> <label class="filter-checkbox__label filter-checkbox__label-checkbox" for="filterBottler_DH+Global+Spirits">DH Global Spirits (1)</label></div><div class="filter-checkbox filter-checkbox--v2"><input class="filter-checkbox__input js-filter-checkbox__input" type="checkbox" id="filterBottler_Direct+Wines" data-value="Direct+Wines" onclick="_gaq.push(['_trackEvent','filter-All+Scotch+Whiskies','click','Bottler-Direct+Wines'])"> <label class="filter-checkbox__label filter-checkbox__label-checkbox" for="filterBottler_Direct+Wines">Direct Wines (4)</label></div><div class="filter-checkbox filter-checkbox--v2"><input class="filter-checkbox__input js-filter-checkbox__input" type="checkbox" id="filterBottler_Douglas+Laing" data-value="Douglas+Laing" onclick="_gaq.push(['_trackEvent','filter-All+Scotch+Whiskies','click','Bottler-Douglas+Laing'])"> <label class="filter-checkbox__label filter-checkbox__label-checkbox" for="filterBottler_Douglas+Laing">Douglas Laing (152)</label></div><div class="filter-checkbox filter-checkbox--v2"><input class="filter-checkbox__input js-filter-checkbox__input" type="checkbox" id="filterBottler_Douglas+Murdoch" data-value="Douglas+Murdoch" onclick="_gaq.push(['_trackEvent','filter-All+Scotch+Whiskies','click','Bottler-Douglas+Murdoch'])"> <label class="filter-checkbox__label filter-checkbox__label-checkbox" for="filterBottler_Douglas+Murdoch">Douglas Murdoch (2)</label></div><div class="filter-checkbox filter-checkbox--v2"><input class="filter-checkbox__input js-filter-checkbox__input" type="checkbox" id="filterBottler_Douglas+of+Drumlanrig" data-value="Douglas+of+Drumlanrig" onclick="_gaq.push(['_trackEvent','filter-All+Scotch+Whiskies','click','Bottler-Douglas+of+Drumlanrig'])"> <label class="filter-checkbox__label filter-checkbox__label-checkbox" for="filterBottler_Douglas+of+Drumlanrig">Douglas of Drumlanrig (5)</label></div><div class="filter-checkbox filter-checkbox--v2"><input class="filter-checkbox__input js-filter-checkbox__input" type="checkbox" id="filterBottler_Dumangin" data-value="Dumangin" onclick="_gaq.push(['_trackEvent','filter-All+Scotch+Whiskies','click','Bottler-Dumangin'])"> <label class="filter-checkbox__label filter-checkbox__label-checkbox" for="filterBottler_Dumangin">Dumangin (3)</label></div><div class="filter-checkbox filter-checkbox--v2"><input class="filter-checkbox__input js-filter-checkbox__input" type="checkbox" id="filterBottler_Dun+Eideann" data-value="Dun+Eideann" onclick="_gaq.push(['_trackEvent','filter-All+Scotch+Whiskies','click','Bottler-Dun+Eideann'])"> <label class="filter-checkbox__label filter-checkbox__label-checkbox" for="filterBottler_Dun+Eideann">Dun Eideann (4)</label></div><div class="filter-checkbox filter-checkbox--v2"><input class="filter-checkbox__input js-filter-checkbox__input" type="checkbox" id="filterBottler_Duncan+Taylor" data-value="Duncan+Taylor" onclick="_gaq.push(['_trackEvent','filter-All+Scotch+Whiskies','click','Bottler-Duncan+Taylor'])"> <label class="filter-checkbox__label filter-checkbox__label-checkbox" for="filterBottler_Duncan+Taylor">Duncan Taylor (46)</label></div><div class="filter-checkbox filter-checkbox--v2"><input class="filter-checkbox__input js-filter-checkbox__input" type="checkbox" id="filterBottler_Dundeil+Selection" data-value="Dundeil+Selection" onclick="_gaq.push(['_trackEvent','filter-All+Scotch+Whiskies','click','Bottler-Dundeil+Selection'])"> <label class="filter-checkbox__label filter-checkbox__label-checkbox" for="filterBottler_Dundeil+Selection">Dundeil Selection (1)</label></div><div class="filter-checkbox filter-checkbox--v2"><input class="filter-checkbox__input js-filter-checkbox__input" type="checkbox" id="filterBottler_East+Asia+Whisky+Company" data-value="East+Asia+Whisky+Company" onclick="_gaq.push(['_trackEvent','filter-All+Scotch+Whiskies','click','Bottler-East+Asia+Whisky+Company'])"> <label class="filter-checkbox__label filter-checkbox__label-checkbox" for="filterBottler_East+Asia+Whisky+Company">East Asia Whisky Company (5)</label></div><div class="filter-checkbox filter-checkbox--v2"><input class="filter-checkbox__input js-filter-checkbox__input" type="checkbox" id="filterBottler_Elixir+Distillers" data-value="Elixir+Distillers" onclick="_gaq.push(['_trackEvent','filter-All+Scotch+Whiskies','click','Bottler-Elixir+Distillers'])"> <label class="filter-checkbox__label filter-checkbox__label-checkbox" for="filterBottler_Elixir+Distillers">Elixir Distillers (67)</label></div><div class="filter-checkbox filter-checkbox--v2"><input class="filter-checkbox__input js-filter-checkbox__input" type="checkbox" id="filterBottler_Ferg+and+Harris" data-value="Ferg+and+Harris" onclick="_gaq.push(['_trackEvent','filter-All+Scotch+Whiskies','click','Bottler-Ferg+and+Harris'])"> <label class="filter-checkbox__label filter-checkbox__label-checkbox" for="filterBottler_Ferg+and+Harris">Ferg and Harris (2)</label></div><div class="filter-checkbox filter-checkbox--v2"><input class="filter-checkbox__input js-filter-checkbox__input" type="checkbox" id="filterBottler_Finest+Whisky" data-value="Finest+Whisky" onclick="_gaq.push(['_trackEvent','filter-All+Scotch+Whiskies','click','Bottler-Finest+Whisky'])"> <label class="filter-checkbox__label filter-checkbox__label-checkbox" for="filterBottler_Finest+Whisky">Finest Whisky (1)</label></div><div class="filter-checkbox filter-checkbox--v2"><input class="filter-checkbox__input js-filter-checkbox__input" type="checkbox" id="filterBottler_Finn+Thomson" data-value="Finn+Thomson" onclick="_gaq.push(['_trackEvent','filter-All+Scotch+Whiskies','click','Bottler-Finn+Thomson'])"> <label class="filter-checkbox__label filter-checkbox__label-checkbox" for="filterBottler_Finn+Thomson">Finn Thomson (2)</label></div><div class="filter-checkbox filter-checkbox--v2"><input class="filter-checkbox__input js-filter-checkbox__input" type="checkbox" id="filterBottler_First+Cask" data-value="First+Cask" onclick="_gaq.push(['_trackEvent','filter-All+Scotch+Whiskies','click','Bottler-First+Cask'])"> <label class="filter-checkbox__label filter-checkbox__label-checkbox" for="filterBottler_First+Cask">First Cask (81)</label></div><div class="filter-checkbox filter-checkbox--v2"><input class="filter-checkbox__input js-filter-checkbox__input" type="checkbox" id="filterBottler_Fortnum+%26+Mason" data-value="Fortnum+%26+Mason" onclick="_gaq.push(['_trackEvent','filter-All+Scotch+Whiskies','click','Bottler-Fortnum+%26+Mason'])"> <label class="filter-checkbox__label filter-checkbox__label-checkbox" for="filterBottler_Fortnum+%26+Mason">Fortnum &amp; Mason (1)</label></div><div class="filter-checkbox filter-checkbox--v2"><input class="filter-checkbox__input js-filter-checkbox__input" type="checkbox" id="filterBottler_Gleann+Mor" data-value="Gleann+Mor" onclick="_gaq.push(['_trackEvent','filter-All+Scotch+Whiskies','click','Bottler-Gleann+Mor'])"> <label class="filter-checkbox__label filter-checkbox__label-checkbox" for="filterBottler_Gleann+Mor">Gleann Mor (6)</label></div><div class="filter-checkbox filter-checkbox--v2"><input class="filter-checkbox__input js-filter-checkbox__input" type="checkbox" id="filterBottler_Glenhaven" data-value="Glenhaven" onclick="_gaq.push(['_trackEvent','filter-All+Scotch+Whiskies','click','Bottler-Glenhaven'])"> <label class="filter-checkbox__label filter-checkbox__label-checkbox" for="filterBottler_Glenhaven">Glenhaven (1)</label></div><div class="filter-checkbox filter-checkbox--v2"><input class="filter-checkbox__input js-filter-checkbox__input" type="checkbox" id="filterBottler_Gordon+%26+Company" data-value="Gordon+%26+Company" onclick="_gaq.push(['_trackEvent','filter-All+Scotch+Whiskies','click','Bottler-Gordon+%26+Company'])"> <label class="filter-checkbox__label filter-checkbox__label-checkbox" for="filterBottler_Gordon+%26+Company">Gordon &amp; Company (1)</label></div><div class="filter-checkbox filter-checkbox--v2"><input class="filter-checkbox__input js-filter-checkbox__input" type="checkbox" id="filterBottler_Gordon+%26+MacPhail" data-value="Gordon+%26+MacPhail" onclick="_gaq.push(['_trackEvent','filter-All+Scotch+Whiskies','click','Bottler-Gordon+%26+MacPhail'])"> <label class="filter-checkbox__label filter-checkbox__label-checkbox" for="filterBottler_Gordon+%26+MacPhail">Gordon &amp; MacPhail (358)</label></div><div class="filter-checkbox filter-checkbox--v2"><input class="filter-checkbox__input js-filter-checkbox__input" type="checkbox" id="filterBottler_Halcyon+Spirits" data-value="Halcyon+Spirits" onclick="_gaq.push(['_trackEvent','filter-All+Scotch+Whiskies','click','Bottler-Halcyon+Spirits'])"> <label class="filter-checkbox__label filter-checkbox__label-checkbox" for="filterBottler_Halcyon+Spirits">Halcyon Spirits (1)</label></div><div class="filter-checkbox filter-checkbox--v2"><input class="filter-checkbox__input js-filter-checkbox__input" type="checkbox" id="filterBottler_Hart+Brothers" data-value="Hart+Brothers" onclick="_gaq.push(['_trackEvent','filter-All+Scotch+Whiskies','click','Bottler-Hart+Brothers'])"> <label class="filter-checkbox__label filter-checkbox__label-checkbox" for="filterBottler_Hart+Brothers">Hart Brothers (39)</label></div><div class="filter-checkbox filter-checkbox--v2"><input class="filter-checkbox__input js-filter-checkbox__input" type="checkbox" id="filterBottler_Hidden+Spirits" data-value="Hidden+Spirits" onclick="_gaq.push(['_trackEvent','filter-All+Scotch+Whiskies','click','Bottler-Hidden+Spirits'])"> <label class="filter-checkbox__label filter-checkbox__label-checkbox" for="filterBottler_Hidden+Spirits">Hidden Spirits (4)</label></div><div class="filter-checkbox filter-checkbox--v2"><input class="filter-checkbox__input js-filter-checkbox__input" type="checkbox" id="filterBottler_High+Spirits" data-value="High+Spirits" onclick="_gaq.push(['_trackEvent','filter-All+Scotch+Whiskies','click','Bottler-High+Spirits'])"> <label class="filter-checkbox__label filter-checkbox__label-checkbox" for="filterBottler_High+Spirits">High Spirits (1)</label></div><div class="filter-checkbox filter-checkbox--v2"><input class="filter-checkbox__input js-filter-checkbox__input" type="checkbox" id="filterBottler_House+of+Macduff" data-value="House+of+Macduff" onclick="_gaq.push(['_trackEvent','filter-All+Scotch+Whiskies','click','Bottler-House+of+Macduff'])"> <label class="filter-checkbox__label filter-checkbox__label-checkbox" for="filterBottler_House+of+Macduff">House of Macduff (2)</label></div><div class="filter-checkbox filter-checkbox--v2"><input class="filter-checkbox__input js-filter-checkbox__input" type="checkbox" id="filterBottler_Hunter+Laing" data-value="Hunter+Laing" onclick="_gaq.push(['_trackEvent','filter-All+Scotch+Whiskies','click','Bottler-Hunter+Laing'])"> <label class="filter-checkbox__label filter-checkbox__label-checkbox" for="filterBottler_Hunter+Laing">Hunter Laing (47)</label></div><div class="filter-checkbox filter-checkbox--v2"><input class="filter-checkbox__input js-filter-checkbox__input" type="checkbox" id="filterBottler_Ian+Macleod" data-value="Ian+Macleod" onclick="_gaq.push(['_trackEvent','filter-All+Scotch+Whiskies','click','Bottler-Ian+Macleod'])"> <label class="filter-checkbox__label filter-checkbox__label-checkbox" for="filterBottler_Ian+Macleod">Ian Macleod (9)</label></div><div class="filter-checkbox filter-checkbox--v2"><input class="filter-checkbox__input js-filter-checkbox__input" type="checkbox" id="filterBottler_Independent+Bottler" data-value="Independent+Bottler" onclick="_gaq.push(['_trackEvent','filter-All+Scotch+Whiskies','click','Bottler-Independent+Bottler'])"> <label class="filter-checkbox__label filter-checkbox__label-checkbox" for="filterBottler_Independent+Bottler">Independent Bottler (2)</label></div><div class="filter-checkbox filter-checkbox--v2"><input class="filter-checkbox__input js-filter-checkbox__input" type="checkbox" id="filterBottler_Jack+Wiebers" data-value="Jack+Wiebers" onclick="_gaq.push(['_trackEvent','filter-All+Scotch+Whiskies','click','Bottler-Jack+Wiebers'])"> <label class="filter-checkbox__label filter-checkbox__label-checkbox" for="filterBottler_Jack+Wiebers">Jack Wiebers (3)</label></div><div class="filter-checkbox filter-checkbox--v2"><input class="filter-checkbox__input js-filter-checkbox__input" type="checkbox" id="filterBottler_James+Eadie" data-value="James+Eadie" onclick="_gaq.push(['_trackEvent','filter-All+Scotch+Whiskies','click','Bottler-James+Eadie'])"> <label class="filter-checkbox__label filter-checkbox__label-checkbox" for="filterBottler_James+Eadie">James Eadie (6)</label></div><div class="filter-checkbox filter-checkbox--v2"><input class="filter-checkbox__input js-filter-checkbox__input" type="checkbox" id="filterBottler_Jean+Boyer" data-value="Jean+Boyer" onclick="_gaq.push(['_trackEvent','filter-All+Scotch+Whiskies','click','Bottler-Jean+Boyer'])"> <label class="filter-checkbox__label filter-checkbox__label-checkbox" for="filterBottler_Jean+Boyer">Jean Boyer (1)</label></div><div class="filter-checkbox filter-checkbox--v2"><input class="filter-checkbox__input js-filter-checkbox__input" type="checkbox" id="filterBottler_John+Crabbie" data-value="John+Crabbie" onclick="_gaq.push(['_trackEvent','filter-All+Scotch+Whiskies','click','Bottler-John+Crabbie'])"> <label class="filter-checkbox__label filter-checkbox__label-checkbox" for="filterBottler_John+Crabbie">John Crabbie (2)</label></div><div class="filter-checkbox filter-checkbox--v2"><input class="filter-checkbox__input js-filter-checkbox__input" type="checkbox" id="filterBottler_Keepers+Of+The+Quaich" data-value="Keepers+Of+The+Quaich" onclick="_gaq.push(['_trackEvent','filter-All+Scotch+Whiskies','click','Bottler-Keepers+Of+The+Quaich'])"> <label class="filter-checkbox__label filter-checkbox__label-checkbox" for="filterBottler_Keepers+Of+The+Quaich">Keepers Of The Quaich (1)</label></div><div class="filter-checkbox filter-checkbox--v2"><input class="filter-checkbox__input js-filter-checkbox__input" type="checkbox" id="filterBottler_Kingsbury" data-value="Kingsbury" onclick="_gaq.push(['_trackEvent','filter-All+Scotch+Whiskies','click','Bottler-Kingsbury'])"> <label class="filter-checkbox__label filter-checkbox__label-checkbox" for="filterBottler_Kingsbury">Kingsbury (1)</label></div><div class="filter-checkbox filter-checkbox--v2"><input class="filter-checkbox__input js-filter-checkbox__input" type="checkbox" id="filterBottler_Kingsbury%27s" data-value="Kingsbury%27s" onclick="_gaq.push(['_trackEvent','filter-All+Scotch+Whiskies','click','Bottler-Kingsbury%27s'])"> <label class="filter-checkbox__label filter-checkbox__label-checkbox" for="filterBottler_Kingsbury%27s">Kingsbury's (1)</label></div><div class="filter-checkbox filter-checkbox--v2"><input class="filter-checkbox__input js-filter-checkbox__input" type="checkbox" id="filterBottler_La+Maison+du+Whisky" data-value="La+Maison+du+Whisky" onclick="_gaq.push(['_trackEvent','filter-All+Scotch+Whiskies','click','Bottler-La+Maison+du+Whisky'])"> <label class="filter-checkbox__label filter-checkbox__label-checkbox" for="filterBottler_La+Maison+du+Whisky">La Maison du Whisky (7)</label></div><div class="filter-checkbox filter-checkbox--v2"><input class="filter-checkbox__input js-filter-checkbox__input" type="checkbox" id="filterBottler_Mackillop%27s" data-value="Mackillop%27s" onclick="_gaq.push(['_trackEvent','filter-All+Scotch+Whiskies','click','Bottler-Mackillop%27s'])"> <label class="filter-checkbox__label filter-checkbox__label-checkbox" for="filterBottler_Mackillop%27s">Mackillop's (4)</label></div><div class="filter-checkbox filter-checkbox--v2"><input class="filter-checkbox__input js-filter-checkbox__input" type="checkbox" id="filterBottler_McGibbons" data-value="McGibbons" onclick="_gaq.push(['_trackEvent','filter-All+Scotch+Whiskies','click','Bottler-McGibbons'])"> <label class="filter-checkbox__label filter-checkbox__label-checkbox" for="filterBottler_McGibbons">McGibbons (6)</label></div><div class="filter-checkbox filter-checkbox--v2"><input class="filter-checkbox__input js-filter-checkbox__input" type="checkbox" id="filterBottler_McGibbon%27s" data-value="McGibbon%27s" onclick="_gaq.push(['_trackEvent','filter-All+Scotch+Whiskies','click','Bottler-McGibbon%27s'])"> <label class="filter-checkbox__label filter-checkbox__label-checkbox" for="filterBottler_McGibbon%27s">McGibbon's (16)</label></div><div class="filter-checkbox filter-checkbox--v2"><input class="filter-checkbox__input js-filter-checkbox__input" type="checkbox" id="filterBottler_Milroy%27s" data-value="Milroy%27s" onclick="_gaq.push(['_trackEvent','filter-All+Scotch+Whiskies','click','Bottler-Milroy%27s'])"> <label class="filter-checkbox__label filter-checkbox__label-checkbox" for="filterBottler_Milroy%27s">Milroy's (1)</label></div><div class="filter-checkbox filter-checkbox--v2"><input class="filter-checkbox__input js-filter-checkbox__input" type="checkbox" id="filterBottler_Moon+Import" data-value="Moon+Import" onclick="_gaq.push(['_trackEvent','filter-All+Scotch+Whiskies','click','Bottler-Moon+Import'])"> <label class="filter-checkbox__label filter-checkbox__label-checkbox" for="filterBottler_Moon+Import">Moon Import (7)</label></div><div class="filter-checkbox filter-checkbox--v2"><input class="filter-checkbox__input js-filter-checkbox__input" type="checkbox" id="filterBottler_Morrison+%26+MacKay" data-value="Morrison+%26+MacKay" onclick="_gaq.push(['_trackEvent','filter-All+Scotch+Whiskies','click','Bottler-Morrison+%26+MacKay'])"> <label class="filter-checkbox__label filter-checkbox__label-checkbox" for="filterBottler_Morrison+%26+MacKay">Morrison &amp; MacKay (1)</label></div><div class="filter-checkbox filter-checkbox--v2"><input class="filter-checkbox__input js-filter-checkbox__input" type="checkbox" id="filterBottler_Morrison+Distillers" data-value="Morrison+Distillers" onclick="_gaq.push(['_trackEvent','filter-All+Scotch+Whiskies','click','Bottler-Morrison+Distillers'])"> <label class="filter-checkbox__label filter-checkbox__label-checkbox" for="filterBottler_Morrison+Distillers">Morrison Distillers (4)</label></div><div class="filter-checkbox filter-checkbox--v2"><input class="filter-checkbox__input js-filter-checkbox__input" type="checkbox" id="filterBottler_Mossburn" data-value="Mossburn" onclick="_gaq.push(['_trackEvent','filter-All+Scotch+Whiskies','click','Bottler-Mossburn'])"> <label class="filter-checkbox__label filter-checkbox__label-checkbox" for="filterBottler_Mossburn">Mossburn (8)</label></div><div class="filter-checkbox filter-checkbox--v2"><input class="filter-checkbox__input js-filter-checkbox__input" type="checkbox" id="filterBottler_Murray+McDavid" data-value="Murray+McDavid" onclick="_gaq.push(['_trackEvent','filter-All+Scotch+Whiskies','click','Bottler-Murray+McDavid'])"> <label class="filter-checkbox__label filter-checkbox__label-checkbox" for="filterBottler_Murray+McDavid">Murray McDavid (6)</label></div><div class="filter-checkbox filter-checkbox--v2"><input class="filter-checkbox__input js-filter-checkbox__input" type="checkbox" id="filterBottler_My+Name+Is+Whisky" data-value="My+Name+Is+Whisky" onclick="_gaq.push(['_trackEvent','filter-All+Scotch+Whiskies','click','Bottler-My+Name+Is+Whisky'])"> <label class="filter-checkbox__label filter-checkbox__label-checkbox" for="filterBottler_My+Name+Is+Whisky">My Name Is Whisky (2)</label></div><div class="filter-checkbox filter-checkbox--v2"><input class="filter-checkbox__input js-filter-checkbox__input" type="checkbox" id="filterBottler_North+Star+Spirits" data-value="North+Star+Spirits" onclick="_gaq.push(['_trackEvent','filter-All+Scotch+Whiskies','click','Bottler-North+Star+Spirits'])"> <label class="filter-checkbox__label filter-checkbox__label-checkbox" for="filterBottler_North+Star+Spirits">North Star Spirits (5)</label></div><div class="filter-checkbox filter-checkbox--v2"><input class="filter-checkbox__input js-filter-checkbox__input" type="checkbox" id="filterBottler_Old+Bothwell" data-value="Old+Bothwell" onclick="_gaq.push(['_trackEvent','filter-All+Scotch+Whiskies','click','Bottler-Old+Bothwell'])"> <label class="filter-checkbox__label filter-checkbox__label-checkbox" for="filterBottler_Old+Bothwell">Old Bothwell (1)</label></div><div class="filter-checkbox filter-checkbox--v2"><input class="filter-checkbox__input js-filter-checkbox__input" type="checkbox" id="filterBottler_Peck" data-value="Peck" onclick="_gaq.push(['_trackEvent','filter-All+Scotch+Whiskies','click','Bottler-Peck'])"> <label class="filter-checkbox__label filter-checkbox__label-checkbox" for="filterBottler_Peck">Peck (1)</label></div><div class="filter-checkbox filter-checkbox--v2"><input class="filter-checkbox__input js-filter-checkbox__input" type="checkbox" id="filterBottler_Peter+Thomson" data-value="Peter+Thomson" onclick="_gaq.push(['_trackEvent','filter-All+Scotch+Whiskies','click','Bottler-Peter+Thomson'])"> <label class="filter-checkbox__label filter-checkbox__label-checkbox" for="filterBottler_Peter+Thomson">Peter Thomson (1)</label></div><div class="filter-checkbox filter-checkbox--v2"><input class="filter-checkbox__input js-filter-checkbox__input" type="checkbox" id="filterBottler_Prestonfield" data-value="Prestonfield" onclick="_gaq.push(['_trackEvent','filter-All+Scotch+Whiskies','click','Bottler-Prestonfield'])"> <label class="filter-checkbox__label filter-checkbox__label-checkbox" for="filterBottler_Prestonfield">Prestonfield (2)</label></div><div class="filter-checkbox filter-checkbox--v2"><input class="filter-checkbox__input js-filter-checkbox__input" type="checkbox" id="filterBottler_Rare+Malts" data-value="Rare+Malts" onclick="_gaq.push(['_trackEvent','filter-All+Scotch+Whiskies','click','Bottler-Rare+Malts'])"> <label class="filter-checkbox__label filter-checkbox__label-checkbox" for="filterBottler_Rare+Malts">Rare Malts (2)</label></div><div class="filter-checkbox filter-checkbox--v2"><input class="filter-checkbox__input js-filter-checkbox__input" type="checkbox" id="filterBottler_Rosebank" data-value="Rosebank" onclick="_gaq.push(['_trackEvent','filter-All+Scotch+Whiskies','click','Bottler-Rosebank'])"> <label class="filter-checkbox__label filter-checkbox__label-checkbox" for="filterBottler_Rosebank">Rosebank (1)</label></div><div class="filter-checkbox filter-checkbox--v2"><input class="filter-checkbox__input js-filter-checkbox__input" type="checkbox" id="filterBottler_Roslin+Distillers" data-value="Roslin+Distillers" onclick="_gaq.push(['_trackEvent','filter-All+Scotch+Whiskies','click','Bottler-Roslin+Distillers'])"> <label class="filter-checkbox__label filter-checkbox__label-checkbox" for="filterBottler_Roslin+Distillers">Roslin Distillers (2)</label></div><div class="filter-checkbox filter-checkbox--v2"><input class="filter-checkbox__input js-filter-checkbox__input" type="checkbox" id="filterBottler_Royal+Mile+Whiskies" data-value="Royal+Mile+Whiskies" onclick="_gaq.push(['_trackEvent','filter-All+Scotch+Whiskies','click','Bottler-Royal+Mile+Whiskies'])"> <label class="filter-checkbox__label filter-checkbox__label-checkbox" for="filterBottler_Royal+Mile+Whiskies">Royal Mile Whiskies (1)</label></div><div class="filter-checkbox filter-checkbox--v2"><input class="filter-checkbox__input js-filter-checkbox__input" type="checkbox" id="filterBottler_Samaroli" data-value="Samaroli" onclick="_gaq.push(['_trackEvent','filter-All+Scotch+Whiskies','click','Bottler-Samaroli'])"> <label class="filter-checkbox__label filter-checkbox__label-checkbox" for="filterBottler_Samaroli">Samaroli (3)</label></div><div class="filter-checkbox filter-checkbox--v2"><input class="filter-checkbox__input js-filter-checkbox__input" type="checkbox" id="filterBottler_Scotch+Malt+Whisky+Society" data-value="Scotch+Malt+Whisky+Society" onclick="_gaq.push(['_trackEvent','filter-All+Scotch+Whiskies','click','Bottler-Scotch+Malt+Whisky+Society'])"> <label class="filter-checkbox__label filter-checkbox__label-checkbox" for="filterBottler_Scotch+Malt+Whisky+Society">Scotch Malt Whisky Society (40)</label></div><div class="filter-checkbox filter-checkbox--v2"><input class="filter-checkbox__input js-filter-checkbox__input" type="checkbox" id="filterBottler_Scott%27s+Selection" data-value="Scott%27s+Selection" onclick="_gaq.push(['_trackEvent','filter-All+Scotch+Whiskies','click','Bottler-Scott%27s+Selection'])"> <label class="filter-checkbox__label filter-checkbox__label-checkbox" for="filterBottler_Scott%27s+Selection">Scott's Selection (11)</label></div><div class="filter-checkbox filter-checkbox--v2"><input class="filter-checkbox__input js-filter-checkbox__input" type="checkbox" id="filterBottler_Sestante" data-value="Sestante" onclick="_gaq.push(['_trackEvent','filter-All+Scotch+Whiskies','click','Bottler-Sestante'])"> <label class="filter-checkbox__label filter-checkbox__label-checkbox" for="filterBottler_Sestante">Sestante (5)</label></div><div class="filter-checkbox filter-checkbox--v2"><input class="filter-checkbox__input js-filter-checkbox__input" type="checkbox" id="filterBottler_Signatory" data-value="Signatory" onclick="_gaq.push(['_trackEvent','filter-All+Scotch+Whiskies','click','Bottler-Signatory'])"> <label class="filter-checkbox__label filter-checkbox__label-checkbox" for="filterBottler_Signatory">Signatory (173)</label></div><div class="filter-checkbox filter-checkbox--v2"><input class="filter-checkbox__input js-filter-checkbox__input" type="checkbox" id="filterBottler_Silver+Seal" data-value="Silver+Seal" onclick="_gaq.push(['_trackEvent','filter-All+Scotch+Whiskies','click','Bottler-Silver+Seal'])"> <label class="filter-checkbox__label filter-checkbox__label-checkbox" for="filterBottler_Silver+Seal">Silver Seal (1)</label></div><div class="filter-checkbox filter-checkbox--v2"><input class="filter-checkbox__input js-filter-checkbox__input" type="checkbox" id="filterBottler_Simply+Whisky" data-value="Simply+Whisky" onclick="_gaq.push(['_trackEvent','filter-All+Scotch+Whiskies','click','Bottler-Simply+Whisky'])"> <label class="filter-checkbox__label filter-checkbox__label-checkbox" for="filterBottler_Simply+Whisky">Simply Whisky (1)</label></div><div class="filter-checkbox filter-checkbox--v2"><input class="filter-checkbox__input js-filter-checkbox__input" type="checkbox" id="filterBottler_Single+%26+Single" data-value="Single+%26+Single" onclick="_gaq.push(['_trackEvent','filter-All+Scotch+Whiskies','click','Bottler-Single+%26+Single'])"> <label class="filter-checkbox__label filter-checkbox__label-checkbox" for="filterBottler_Single+%26+Single">Single &amp; Single (5)</label></div><div class="filter-checkbox filter-checkbox--v2"><input class="filter-checkbox__input js-filter-checkbox__input" type="checkbox" id="filterBottler_Single+Cask+Nation" data-value="Single+Cask+Nation" onclick="_gaq.push(['_trackEvent','filter-All+Scotch+Whiskies','click','Bottler-Single+Cask+Nation'])"> <label class="filter-checkbox__label filter-checkbox__label-checkbox" for="filterBottler_Single+Cask+Nation">Single Cask Nation (11)</label></div><div class="filter-checkbox filter-checkbox--v2"><input class="filter-checkbox__input js-filter-checkbox__input" type="checkbox" id="filterBottler_South+Star" data-value="South+Star" onclick="_gaq.push(['_trackEvent','filter-All+Scotch+Whiskies','click','Bottler-South+Star'])"> <label class="filter-checkbox__label filter-checkbox__label-checkbox" for="filterBottler_South+Star">South Star (1)</label></div><div class="filter-checkbox filter-checkbox--v2"><input class="filter-checkbox__input js-filter-checkbox__input" type="checkbox" id="filterBottler_South+Star+Spirits" data-value="South+Star+Spirits" onclick="_gaq.push(['_trackEvent','filter-All+Scotch+Whiskies','click','Bottler-South+Star+Spirits'])"> <label class="filter-checkbox__label filter-checkbox__label-checkbox" for="filterBottler_South+Star+Spirits">South Star Spirits (1)</label></div><div class="filter-checkbox filter-checkbox--v2"><input class="filter-checkbox__input js-filter-checkbox__input" type="checkbox" id="filterBottler_Speciality+Drinks" data-value="Speciality+Drinks" onclick="_gaq.push(['_trackEvent','filter-All+Scotch+Whiskies','click','Bottler-Speciality+Drinks'])"> <label class="filter-checkbox__label filter-checkbox__label-checkbox" for="filterBottler_Speciality+Drinks">Speciality Drinks (18)</label></div><div class="filter-checkbox filter-checkbox--v2"><input class="filter-checkbox__input js-filter-checkbox__input" type="checkbox" id="filterBottler_Sutcliffe+%26+Son" data-value="Sutcliffe+%26+Son" onclick="_gaq.push(['_trackEvent','filter-All+Scotch+Whiskies','click','Bottler-Sutcliffe+%26+Son'])"> <label class="filter-checkbox__label filter-checkbox__label-checkbox" for="filterBottler_Sutcliffe+%26+Son">Sutcliffe &amp; Son (1)</label></div><div class="filter-checkbox filter-checkbox--v2"><input class="filter-checkbox__input js-filter-checkbox__input" type="checkbox" id="filterBottler_Tanners+Wines" data-value="Tanners+Wines" onclick="_gaq.push(['_trackEvent','filter-All+Scotch+Whiskies','click','Bottler-Tanners+Wines'])"> <label class="filter-checkbox__label filter-checkbox__label-checkbox" for="filterBottler_Tanners+Wines">Tanners Wines (1)</label></div><div class="filter-checkbox filter-checkbox--v2"><input class="filter-checkbox__input js-filter-checkbox__input" type="checkbox" id="filterBottler_That+Boutique-y+Whisky+Company" data-value="That+Boutique-y+Whisky+Company" onclick="_gaq.push(['_trackEvent','filter-All+Scotch+Whiskies','click','Bottler-That+Boutique-y+Whisky+Company'])"> <label class="filter-checkbox__label filter-checkbox__label-checkbox" for="filterBottler_That+Boutique-y+Whisky+Company">That Boutique-y Whisky Company (1)</label></div><div class="filter-checkbox filter-checkbox--v2"><input class="filter-checkbox__input js-filter-checkbox__input" type="checkbox" id="filterBottler_The+Bottlers" data-value="The+Bottlers" onclick="_gaq.push(['_trackEvent','filter-All+Scotch+Whiskies','click','Bottler-The+Bottlers'])"> <label class="filter-checkbox__label filter-checkbox__label-checkbox" for="filterBottler_The+Bottlers">The Bottlers (6)</label></div><div class="filter-checkbox filter-checkbox--v2"><input class="filter-checkbox__input js-filter-checkbox__input" type="checkbox" id="filterBottler_The+Coopers+Choice" data-value="The+Coopers+Choice" onclick="_gaq.push(['_trackEvent','filter-All+Scotch+Whiskies','click','Bottler-The+Coopers+Choice'])"> <label class="filter-checkbox__label filter-checkbox__label-checkbox" for="filterBottler_The+Coopers+Choice">The Coopers Choice (1)</label></div><div class="filter-checkbox filter-checkbox--v2"><input class="filter-checkbox__input js-filter-checkbox__input" type="checkbox" id="filterBottler_The+Cooper%27s+Choice" data-value="The+Cooper%27s+Choice" onclick="_gaq.push(['_trackEvent','filter-All+Scotch+Whiskies','click','Bottler-The+Cooper%27s+Choice'])"> <label class="filter-checkbox__label filter-checkbox__label-checkbox" for="filterBottler_The+Cooper%27s+Choice">The Cooper's Choice (8)</label></div><div class="filter-checkbox filter-checkbox--v2"><input class="filter-checkbox__input js-filter-checkbox__input" type="checkbox" id="filterBottler_The+Golden+Cask" data-value="The+Golden+Cask" onclick="_gaq.push(['_trackEvent','filter-All+Scotch+Whiskies','click','Bottler-The+Golden+Cask'])"> <label class="filter-checkbox__label filter-checkbox__label-checkbox" for="filterBottler_The+Golden+Cask">The Golden Cask (1)</label></div><div class="filter-checkbox filter-checkbox--v2"><input class="filter-checkbox__input js-filter-checkbox__input" type="checkbox" id="filterBottler_The+Highlands+%26+Islands+Whisky+Co" data-value="The+Highlands+%26+Islands+Whisky+Co" onclick="_gaq.push(['_trackEvent','filter-All+Scotch+Whiskies','click','Bottler-The+Highlands+%26+Islands+Whisky+Co'])"> <label class="filter-checkbox__label filter-checkbox__label-checkbox" for="filterBottler_The+Highlands+%26+Islands+Whisky+Co">The Highlands &amp; Islands Whisky Co (1)</label></div><div class="filter-checkbox filter-checkbox--v2"><input class="filter-checkbox__input js-filter-checkbox__input" type="checkbox" id="filterBottler_The+Last+Drop" data-value="The+Last+Drop" onclick="_gaq.push(['_trackEvent','filter-All+Scotch+Whiskies','click','Bottler-The+Last+Drop'])"> <label class="filter-checkbox__label filter-checkbox__label-checkbox" for="filterBottler_The+Last+Drop">The Last Drop (1)</label></div><div class="filter-checkbox filter-checkbox--v2"><input class="filter-checkbox__input js-filter-checkbox__input" type="checkbox" id="filterBottler_The+Lost+Distillery+Company" data-value="The+Lost+Distillery+Company" onclick="_gaq.push(['_trackEvent','filter-All+Scotch+Whiskies','click','Bottler-The+Lost+Distillery+Company'])"> <label class="filter-checkbox__label filter-checkbox__label-checkbox" for="filterBottler_The+Lost+Distillery+Company">The Lost Distillery Company (1)</label></div><div class="filter-checkbox filter-checkbox--v2"><input class="filter-checkbox__input js-filter-checkbox__input" type="checkbox" id="filterBottler_The+Master+of+Malt" data-value="The+Master+of+Malt" onclick="_gaq.push(['_trackEvent','filter-All+Scotch+Whiskies','click','Bottler-The+Master+of+Malt'])"> <label class="filter-checkbox__label filter-checkbox__label-checkbox" for="filterBottler_The+Master+of+Malt">The Master of Malt (1)</label></div><div class="filter-checkbox filter-checkbox--v2"><input class="filter-checkbox__input js-filter-checkbox__input" type="checkbox" id="filterBottler_The+Nectar" data-value="The+Nectar" onclick="_gaq.push(['_trackEvent','filter-All+Scotch+Whiskies','click','Bottler-The+Nectar'])"> <label class="filter-checkbox__label filter-checkbox__label-checkbox" for="filterBottler_The+Nectar">The Nectar (13)</label></div><div class="filter-checkbox filter-checkbox--v2"><input class="filter-checkbox__input js-filter-checkbox__input" type="checkbox" id="filterBottler_The+Vintage+Malt+Whisky+Co" data-value="The+Vintage+Malt+Whisky+Co" onclick="_gaq.push(['_trackEvent','filter-All+Scotch+Whiskies','click','Bottler-The+Vintage+Malt+Whisky+Co'])"> <label class="filter-checkbox__label filter-checkbox__label-checkbox" for="filterBottler_The+Vintage+Malt+Whisky+Co">The Vintage Malt Whisky Co (1)</label></div><div class="filter-checkbox filter-checkbox--v2"><input class="filter-checkbox__input js-filter-checkbox__input" type="checkbox" id="filterBottler_The+Whisky+Agency" data-value="The+Whisky+Agency" onclick="_gaq.push(['_trackEvent','filter-All+Scotch+Whiskies','click','Bottler-The+Whisky+Agency'])"> <label class="filter-checkbox__label filter-checkbox__label-checkbox" for="filterBottler_The+Whisky+Agency">The Whisky Agency (9)</label></div><div class="filter-checkbox filter-checkbox--v2"><input class="filter-checkbox__input js-filter-checkbox__input" type="checkbox" id="filterBottler_The+Whisky+Exchange" data-value="The+Whisky+Exchange" onclick="_gaq.push(['_trackEvent','filter-All+Scotch+Whiskies','click','Bottler-The+Whisky+Exchange'])"> <label class="filter-checkbox__label filter-checkbox__label-checkbox" for="filterBottler_The+Whisky+Exchange">The Whisky Exchange (30)</label></div><div class="filter-checkbox filter-checkbox--v2"><input class="filter-checkbox__input js-filter-checkbox__input" type="checkbox" id="filterBottler_The+Whisky+Jury" data-value="The+Whisky+Jury" onclick="_gaq.push(['_trackEvent','filter-All+Scotch+Whiskies','click','Bottler-The+Whisky+Jury'])"> <label class="filter-checkbox__label filter-checkbox__label-checkbox" for="filterBottler_The+Whisky+Jury">The Whisky Jury (1)</label></div><div class="filter-checkbox filter-checkbox--v2"><input class="filter-checkbox__input js-filter-checkbox__input" type="checkbox" id="filterBottler_Thompson+Bros" data-value="Thompson+Bros" onclick="_gaq.push(['_trackEvent','filter-All+Scotch+Whiskies','click','Bottler-Thompson+Bros'])"> <label class="filter-checkbox__label filter-checkbox__label-checkbox" for="filterBottler_Thompson+Bros">Thompson Bros (7)</label></div><div class="filter-checkbox filter-checkbox--v2"><input class="filter-checkbox__input js-filter-checkbox__input" type="checkbox" id="filterBottler_Valinch+%26+Mallet" data-value="Valinch+%26+Mallet" onclick="_gaq.push(['_trackEvent','filter-All+Scotch+Whiskies','click','Bottler-Valinch+%26+Mallet'])"> <label class="filter-checkbox__label filter-checkbox__label-checkbox" for="filterBottler_Valinch+%26+Mallet">Valinch &amp; Mallet (2)</label></div><div class="filter-checkbox filter-checkbox--v2"><input class="filter-checkbox__input js-filter-checkbox__input" type="checkbox" id="filterBottler_Vintage+Bottlers" data-value="Vintage+Bottlers" onclick="_gaq.push(['_trackEvent','filter-All+Scotch+Whiskies','click','Bottler-Vintage+Bottlers'])"> <label class="filter-checkbox__label filter-checkbox__label-checkbox" for="filterBottler_Vintage+Bottlers">Vintage Bottlers (1)</label></div><div class="filter-checkbox filter-checkbox--v2"><input class="filter-checkbox__input js-filter-checkbox__input" type="checkbox" id="filterBottler_Watt+Whisky" data-value="Watt+Whisky" onclick="_gaq.push(['_trackEvent','filter-All+Scotch+Whiskies','click','Bottler-Watt+Whisky'])"> <label class="filter-checkbox__label filter-checkbox__label-checkbox" for="filterBottler_Watt+Whisky">Watt Whisky (22)</label></div><div class="filter-checkbox filter-checkbox--v2"><input class="filter-checkbox__input js-filter-checkbox__input" type="checkbox" id="filterBottler_Wemyss" data-value="Wemyss" onclick="_gaq.push(['_trackEvent','filter-All+Scotch+Whiskies','click','Bottler-Wemyss'])"> <label class="filter-checkbox__label filter-checkbox__label-checkbox" for="filterBottler_Wemyss">Wemyss (5)</label></div><div class="filter-checkbox filter-checkbox--v2"><input class="filter-checkbox__input js-filter-checkbox__input" type="checkbox" id="filterBottler_Whisky+Connoisseur" data-value="Whisky+Connoisseur" onclick="_gaq.push(['_trackEvent','filter-All+Scotch+Whiskies','click','Bottler-Whisky+Connoisseur'])"> <label class="filter-checkbox__label filter-checkbox__label-checkbox" for="filterBottler_Whisky+Connoisseur">Whisky Connoisseur (1)</label></div><div class="filter-checkbox filter-checkbox--v2"><input class="filter-checkbox__input js-filter-checkbox__input" type="checkbox" id="filterBottler_Whisky+Magazine" data-value="Whisky+Magazine" onclick="_gaq.push(['_trackEvent','filter-All+Scotch+Whiskies','click','Bottler-Whisky+Magazine'])"> <label class="filter-checkbox__label filter-checkbox__label-checkbox" for="filterBottler_Whisky+Magazine">Whisky Magazine (1)</label></div><div class="filter-checkbox filter-checkbox--v2"><input class="filter-checkbox__input js-filter-checkbox__input" type="checkbox" id="filterBottler_Whisky+Sponge" data-value="Whisky+Sponge" onclick="_gaq.push(['_trackEvent','filter-All+Scotch+Whiskies','click','Bottler-Whisky+Sponge'])"> <label class="filter-checkbox__label filter-checkbox__label-checkbox" for="filterBottler_Whisky+Sponge">Whisky Sponge (2)</label></div><div class="filter-checkbox filter-checkbox--v2"><input class="filter-checkbox__input js-filter-checkbox__input" type="checkbox" id="filterBottler_Whisky+Works" data-value="Whisky+Works" onclick="_gaq.push(['_trackEvent','filter-All+Scotch+Whiskies','click','Bottler-Whisky+Works'])"> <label class="filter-checkbox__label filter-checkbox__label-checkbox" for="filterBottler_Whisky+Works">Whisky Works (1)</label></div><div class="filter-checkbox filter-checkbox--v2"><input class="filter-checkbox__input js-filter-checkbox__input" type="checkbox" id="filterBottler_Whyte+%26+Whyte" data-value="Whyte+%26+Whyte" onclick="_gaq.push(['_trackEvent','filter-All+Scotch+Whiskies','click','Bottler-Whyte+%26+Whyte'])"> <label class="filter-checkbox__label filter-checkbox__label-checkbox" for="filterBottler_Whyte+%26+Whyte">Whyte &amp; Whyte (3)</label></div><div class="filter-checkbox filter-checkbox--v2"><input class="filter-checkbox__input js-filter-checkbox__input" type="checkbox" id="filterBottler_Wilson+%26+Morgan" data-value="Wilson+%26+Morgan" onclick="_gaq.push(['_trackEvent','filter-All+Scotch+Whiskies','click','Bottler-Wilson+%26+Morgan'])"> <label class="filter-checkbox__label filter-checkbox__label-checkbox" for="filterBottler_Wilson+%26+Morgan">Wilson &amp; Morgan (16)</label></div></div></details><details class="filter-accordion"><summary class="filter-accordion__title">Series <i class="far fa-chevron-down filter-accordion__title-icon"></i> <i class="far fa-chevron-up filter-accordion__title-icon"></i></summary><div id="filterSeries" class="filter-accordion__list js-filter-accordion__list" data-filtertype="multiselect" data-filtername="Series"><div class="filter-checkbox filter-checkbox--v2"><input class="filter-checkbox__input js-filter-checkbox__input" type="checkbox" id="filterSeries_021" data-value="021" onclick="_gaq.push(['_trackEvent','filter-All+Scotch+Whiskies','click','Series-021'])"> <label class="filter-checkbox__label filter-checkbox__label-checkbox" for="filterSeries_021">021 (2)</label></div><div class="filter-checkbox filter-checkbox--v2"><input class="filter-checkbox__input js-filter-checkbox__input" type="checkbox" id="filterSeries_10+Year+The+Whisky+Agency" data-value="10+Year+The+Whisky+Agency" onclick="_gaq.push(['_trackEvent','filter-All+Scotch+Whiskies','click','Series-10+Year+The+Whisky+Agency'])"> <label class="filter-checkbox__label filter-checkbox__label-checkbox" for="filterSeries_10+Year+The+Whisky+Agency">10 Year The Whisky Agency (1)</label></div><div class="filter-checkbox filter-checkbox--v2"><input class="filter-checkbox__input js-filter-checkbox__input" type="checkbox" id="filterSeries_100+Proof+Edition" data-value="100+Proof+Edition" onclick="_gaq.push(['_trackEvent','filter-All+Scotch+Whiskies','click','Series-100+Proof+Edition'])"> <label class="filter-checkbox__label filter-checkbox__label-checkbox" for="filterSeries_100+Proof+Edition">100 Proof Edition (9)</label></div><div class="filter-checkbox filter-checkbox--v2"><input class="filter-checkbox__input js-filter-checkbox__input" type="checkbox" id="filterSeries_125th+Anniversary" data-value="125th+Anniversary" onclick="_gaq.push(['_trackEvent','filter-All+Scotch+Whiskies','click','Series-125th+Anniversary'])"> <label class="filter-checkbox__label filter-checkbox__label-checkbox" for="filterSeries_125th+Anniversary">125th Anniversary (2)</label></div><div class="filter-checkbox filter-checkbox--v2"><input class="filter-checkbox__input js-filter-checkbox__input" type="checkbox" id="filterSeries_1824" data-value="1824" onclick="_gaq.push(['_trackEvent','filter-All+Scotch+Whiskies','click','Series-1824'])"> <label class="filter-checkbox__label filter-checkbox__label-checkbox" for="filterSeries_1824">1824 (1)</label></div><div class="filter-checkbox filter-checkbox--v2"><input class="filter-checkbox__input js-filter-checkbox__input" type="checkbox" id="filterSeries_2024+Release" data-value="2024+Release" onclick="_gaq.push(['_trackEvent','filter-All+Scotch+Whiskies','click','Series-2024+Release'])"> <label class="filter-checkbox__label filter-checkbox__label-checkbox" for="filterSeries_2024+Release">2024 Release (7)</label></div><div class="filter-checkbox filter-checkbox--v2"><input class="filter-checkbox__input js-filter-checkbox__input" type="checkbox" id="filterSeries_A+Night+on+Earth" data-value="A+Night+on+Earth" onclick="_gaq.push(['_trackEvent','filter-All+Scotch+Whiskies','click','Series-A+Night+on+Earth'])"> <label class="filter-checkbox__label filter-checkbox__label-checkbox" for="filterSeries_A+Night+on+Earth">A Night on Earth (1)</label></div><div class="filter-checkbox filter-checkbox--v2"><input class="filter-checkbox__input js-filter-checkbox__input" type="checkbox" id="filterSeries_Alter+Ego+Collection" data-value="Alter+Ego+Collection" onclick="_gaq.push(['_trackEvent','filter-All+Scotch+Whiskies','click','Series-Alter+Ego+Collection'])"> <label class="filter-checkbox__label filter-checkbox__label-checkbox" for="filterSeries_Alter+Ego+Collection">Alter Ego Collection (5)</label></div><div class="filter-checkbox filter-checkbox--v2"><input class="filter-checkbox__input js-filter-checkbox__input" type="checkbox" id="filterSeries_Ancient+Islay+Myth" data-value="Ancient+Islay+Myth" onclick="_gaq.push(['_trackEvent','filter-All+Scotch+Whiskies','click','Series-Ancient+Islay+Myth'])"> <label class="filter-checkbox__label filter-checkbox__label-checkbox" for="filterSeries_Ancient+Islay+Myth">Ancient Islay Myth (1)</label></div><div class="filter-checkbox filter-checkbox--v2"><input class="filter-checkbox__input js-filter-checkbox__input" type="checkbox" id="filterSeries_Anthology" data-value="Anthology" onclick="_gaq.push(['_trackEvent','filter-All+Scotch+Whiskies','click','Series-Anthology'])"> <label class="filter-checkbox__label filter-checkbox__label-checkbox" for="filterSeries_Anthology">Anthology (1)</label></div><div class="filter-checkbox filter-checkbox--v2"><input class="filter-checkbox__input js-filter-checkbox__input" type="checkbox" id="filterSeries_Antica+Casa+Marchesi+Spinola" data-value="Antica+Casa+Marchesi+Spinola" onclick="_gaq.push(['_trackEvent','filter-All+Scotch+Whiskies','click','Series-Antica+Casa+Marchesi+Spinola'])"> <label class="filter-checkbox__label filter-checkbox__label-checkbox" for="filterSeries_Antica+Casa+Marchesi+Spinola">Antica Casa Marchesi Spinola (1)</label></div><div class="filter-checkbox filter-checkbox--v2"><input class="filter-checkbox__input js-filter-checkbox__input" type="checkbox" id="filterSeries_Art+of+Whisky" data-value="Art+of+Whisky" onclick="_gaq.push(['_trackEvent','filter-All+Scotch+Whiskies','click','Series-Art+of+Whisky'])"> <label class="filter-checkbox__label filter-checkbox__label-checkbox" for="filterSeries_Art+of+Whisky">Art of Whisky (1)</label></div><div class="filter-checkbox filter-checkbox--v2"><input class="filter-checkbox__input js-filter-checkbox__input" type="checkbox" id="filterSeries_Artist" data-value="Artist" onclick="_gaq.push(['_trackEvent','filter-All+Scotch+Whiskies','click','Series-Artist'])"> <label class="filter-checkbox__label filter-checkbox__label-checkbox" for="filterSeries_Artist">Artist (5)</label></div><div class="filter-checkbox filter-checkbox--v2"><input class="filter-checkbox__input js-filter-checkbox__input" type="checkbox" id="filterSeries_Authentic+Collection" data-value="Authentic+Collection" onclick="_gaq.push(['_trackEvent','filter-All+Scotch+Whiskies','click','Series-Authentic+Collection'])"> <label class="filter-checkbox__label filter-checkbox__label-checkbox" for="filterSeries_Authentic+Collection">Authentic Collection (31)</label></div><div class="filter-checkbox filter-checkbox--v2"><input class="filter-checkbox__input js-filter-checkbox__input" type="checkbox" id="filterSeries_Barrel+Selection" data-value="Barrel+Selection" onclick="_gaq.push(['_trackEvent','filter-All+Scotch+Whiskies','click','Series-Barrel+Selection'])"> <label class="filter-checkbox__label filter-checkbox__label-checkbox" for="filterSeries_Barrel+Selection">Barrel Selection (2)</label></div><div class="filter-checkbox filter-checkbox--v2"><input class="filter-checkbox__input js-filter-checkbox__input" type="checkbox" id="filterSeries_Blue+Hanger" data-value="Blue+Hanger" onclick="_gaq.push(['_trackEvent','filter-All+Scotch+Whiskies','click','Series-Blue+Hanger'])"> <label class="filter-checkbox__label filter-checkbox__label-checkbox" for="filterSeries_Blue+Hanger">Blue Hanger (1)</label></div><div class="filter-checkbox filter-checkbox--v2"><input class="filter-checkbox__input js-filter-checkbox__input" type="checkbox" id="filterSeries_Bodega" data-value="Bodega" onclick="_gaq.push(['_trackEvent','filter-All+Scotch+Whiskies','click','Series-Bodega'])"> <label class="filter-checkbox__label filter-checkbox__label-checkbox" for="filterSeries_Bodega">Bodega (1)</label></div><div class="filter-checkbox filter-checkbox--v2"><input class="filter-checkbox__input js-filter-checkbox__input" type="checkbox" id="filterSeries_Canto" data-value="Canto" onclick="_gaq.push(['_trackEvent','filter-All+Scotch+Whiskies','click','Series-Canto'])"> <label class="filter-checkbox__label filter-checkbox__label-checkbox" for="filterSeries_Canto">Canto (1)</label></div><div class="filter-checkbox filter-checkbox--v2"><input class="filter-checkbox__input js-filter-checkbox__input" type="checkbox" id="filterSeries_Cask+Exploration" data-value="Cask+Exploration" onclick="_gaq.push(['_trackEvent','filter-All+Scotch+Whiskies','click','Series-Cask+Exploration'])"> <label class="filter-checkbox__label filter-checkbox__label-checkbox" for="filterSeries_Cask+Exploration">Cask Exploration (1)</label></div><div class="filter-checkbox filter-checkbox--v2"><input class="filter-checkbox__input js-filter-checkbox__input" type="checkbox" id="filterSeries_Cask+Master+Selection" data-value="Cask+Master+Selection" onclick="_gaq.push(['_trackEvent','filter-All+Scotch+Whiskies','click','Series-Cask+Master+Selection'])"> <label class="filter-checkbox__label filter-checkbox__label-checkbox" for="filterSeries_Cask+Master+Selection">Cask Master Selection (1)</label></div><div class="filter-checkbox filter-checkbox--v2"><input class="filter-checkbox__input js-filter-checkbox__input" type="checkbox" id="filterSeries_Cask+Strength+(Gordon+%26+MacPhail)" data-value="Cask+Strength+(Gordon+%26+MacPhail)" onclick="_gaq.push(['_trackEvent','filter-All+Scotch+Whiskies','click','Series-Cask+Strength+(Gordon+%26+MacPhail)'])"> <label class="filter-checkbox__label filter-checkbox__label-checkbox" for="filterSeries_Cask+Strength+(Gordon+%26+MacPhail)">Cask Strength (Gordon &amp; MacPhail) (2)</label></div><div class="filter-checkbox filter-checkbox--v2"><input class="filter-checkbox__input js-filter-checkbox__input" type="checkbox" id="filterSeries_Cask+Strength+Collection" data-value="Cask+Strength+Collection" onclick="_gaq.push(['_trackEvent','filter-All+Scotch+Whiskies','click','Series-Cask+Strength+Collection'])"> <label class="filter-checkbox__label filter-checkbox__label-checkbox" for="filterSeries_Cask+Strength+Collection">Cask Strength Collection (41)</label></div><div class="filter-checkbox filter-checkbox--v2"><input class="filter-checkbox__input js-filter-checkbox__input" type="checkbox" id="filterSeries_Castle+Collection" data-value="Castle+Collection" onclick="_gaq.push(['_trackEvent','filter-All+Scotch+Whiskies','click','Series-Castle+Collection'])"> <label class="filter-checkbox__label filter-checkbox__label-checkbox" for="filterSeries_Castle+Collection">Castle Collection (1)</label></div><div class="filter-checkbox filter-checkbox--v2"><input class="filter-checkbox__input js-filter-checkbox__input" type="checkbox" id="filterSeries_Celebration+of+the+Cask" data-value="Celebration+of+the+Cask" onclick="_gaq.push(['_trackEvent','filter-All+Scotch+Whiskies','click','Series-Celebration+of+the+Cask'])"> <label class="filter-checkbox__label filter-checkbox__label-checkbox" for="filterSeries_Celebration+of+the+Cask">Celebration of the Cask (1)</label></div><div class="filter-checkbox filter-checkbox--v2"><input class="filter-checkbox__input js-filter-checkbox__input" type="checkbox" id="filterSeries_Cellar+Collection" data-value="Cellar+Collection" onclick="_gaq.push(['_trackEvent','filter-All+Scotch+Whiskies','click','Series-Cellar+Collection'])"> <label class="filter-checkbox__label filter-checkbox__label-checkbox" for="filterSeries_Cellar+Collection">Cellar Collection (2)</label></div><div class="filter-checkbox filter-checkbox--v2"><input class="filter-checkbox__input js-filter-checkbox__input" type="checkbox" id="filterSeries_Centenary+Bottling" data-value="Centenary+Bottling" onclick="_gaq.push(['_trackEvent','filter-All+Scotch+Whiskies','click','Series-Centenary+Bottling'])"> <label class="filter-checkbox__label filter-checkbox__label-checkbox" for="filterSeries_Centenary+Bottling">Centenary Bottling (1)</label></div><div class="filter-checkbox filter-checkbox--v2"><input class="filter-checkbox__input js-filter-checkbox__input" type="checkbox" id="filterSeries_Centenary+Reserve" data-value="Centenary+Reserve" onclick="_gaq.push(['_trackEvent','filter-All+Scotch+Whiskies','click','Series-Centenary+Reserve'])"> <label class="filter-checkbox__label filter-checkbox__label-checkbox" for="filterSeries_Centenary+Reserve">Centenary Reserve (3)</label></div><div class="filter-checkbox filter-checkbox--v2"><input class="filter-checkbox__input js-filter-checkbox__input" type="checkbox" id="filterSeries_Chieftain%27s" data-value="Chieftain%27s" onclick="_gaq.push(['_trackEvent','filter-All+Scotch+Whiskies','click','Series-Chieftain%27s'])"> <label class="filter-checkbox__label filter-checkbox__label-checkbox" for="filterSeries_Chieftain%27s">Chieftain's (6)</label></div><div class="filter-checkbox filter-checkbox--v2"><input class="filter-checkbox__input js-filter-checkbox__input" type="checkbox" id="filterSeries_Chieftan%27s+Choice" data-value="Chieftan%27s+Choice" onclick="_gaq.push(['_trackEvent','filter-All+Scotch+Whiskies','click','Series-Chieftan%27s+Choice'])"> <label class="filter-checkbox__label filter-checkbox__label-checkbox" for="filterSeries_Chieftan%27s+Choice">Chieftan's Choice (1)</label></div><div class="filter-checkbox filter-checkbox--v2"><input class="filter-checkbox__input js-filter-checkbox__input" type="checkbox" id="filterSeries_Christmas+Edition" data-value="Christmas+Edition" onclick="_gaq.push(['_trackEvent','filter-All+Scotch+Whiskies','click','Series-Christmas+Edition'])"> <label class="filter-checkbox__label filter-checkbox__label-checkbox" for="filterSeries_Christmas+Edition">Christmas Edition (1)</label></div><div class="filter-checkbox filter-checkbox--v2"><input class="filter-checkbox__input js-filter-checkbox__input" type="checkbox" id="filterSeries_Clan+Mackenzie" data-value="Clan+Mackenzie" onclick="_gaq.push(['_trackEvent','filter-All+Scotch+Whiskies','click','Series-Clan+Mackenzie'])"> <label class="filter-checkbox__label filter-checkbox__label-checkbox" for="filterSeries_Clan+Mackenzie">Clan Mackenzie (2)</label></div><div class="filter-checkbox filter-checkbox--v2"><input class="filter-checkbox__input js-filter-checkbox__input" type="checkbox" id="filterSeries_Coastal" data-value="Coastal" onclick="_gaq.push(['_trackEvent','filter-All+Scotch+Whiskies','click','Series-Coastal'])"> <label class="filter-checkbox__label filter-checkbox__label-checkbox" for="filterSeries_Coastal">Coastal (1)</label></div><div class="filter-checkbox filter-checkbox--v2"><input class="filter-checkbox__input js-filter-checkbox__input" type="checkbox" id="filterSeries_Coastal+Series" data-value="Coastal+Series" onclick="_gaq.push(['_trackEvent','filter-All+Scotch+Whiskies','click','Series-Coastal+Series'])"> <label class="filter-checkbox__label filter-checkbox__label-checkbox" for="filterSeries_Coastal+Series">Coastal Series (1)</label></div><div class="filter-checkbox filter-checkbox--v2"><input class="filter-checkbox__input js-filter-checkbox__input" type="checkbox" id="filterSeries_Connisseurs+Choice" data-value="Connisseurs+Choice" onclick="_gaq.push(['_trackEvent','filter-All+Scotch+Whiskies','click','Series-Connisseurs+Choice'])"> <label class="filter-checkbox__label filter-checkbox__label-checkbox" for="filterSeries_Connisseurs+Choice">Connisseurs Choice (1)</label></div><div class="filter-checkbox filter-checkbox--v2"><input class="filter-checkbox__input js-filter-checkbox__input" type="checkbox" id="filterSeries_Connoisseurs+Choice" data-value="Connoisseurs+Choice" onclick="_gaq.push(['_trackEvent','filter-All+Scotch+Whiskies','click','Series-Connoisseurs+Choice'])"> <label class="filter-checkbox__label filter-checkbox__label-checkbox" for="filterSeries_Connoisseurs+Choice">Connoisseurs Choice (137)</label></div><div class="filter-checkbox filter-checkbox--v2"><input class="filter-checkbox__input js-filter-checkbox__input" type="checkbox" id="filterSeries_Connoisseurs+Dram" data-value="Connoisseurs+Dram" onclick="_gaq.push(['_trackEvent','filter-All+Scotch+Whiskies','click','Series-Connoisseurs+Dram'])"> <label class="filter-checkbox__label filter-checkbox__label-checkbox" for="filterSeries_Connoisseurs+Dram">Connoisseurs Dram (1)</label></div><div class="filter-checkbox filter-checkbox--v2"><input class="filter-checkbox__input js-filter-checkbox__input" type="checkbox" id="filterSeries_Costumes" data-value="Costumes" onclick="_gaq.push(['_trackEvent','filter-All+Scotch+Whiskies','click','Series-Costumes'])"> <label class="filter-checkbox__label filter-checkbox__label-checkbox" for="filterSeries_Costumes">Costumes (1)</label></div><div class="filter-checkbox filter-checkbox--v2"><input class="filter-checkbox__input js-filter-checkbox__input" type="checkbox" id="filterSeries_Daily+Dram" data-value="Daily+Dram" onclick="_gaq.push(['_trackEvent','filter-All+Scotch+Whiskies','click','Series-Daily+Dram'])"> <label class="filter-checkbox__label filter-checkbox__label-checkbox" for="filterSeries_Daily+Dram">Daily Dram (1)</label></div><div class="filter-checkbox filter-checkbox--v2"><input class="filter-checkbox__input js-filter-checkbox__input" type="checkbox" id="filterSeries_Dalmore+Vintages" data-value="Dalmore+Vintages" onclick="_gaq.push(['_trackEvent','filter-All+Scotch+Whiskies','click','Series-Dalmore+Vintages'])"> <label class="filter-checkbox__label filter-checkbox__label-checkbox" for="filterSeries_Dalmore+Vintages">Dalmore Vintages (4)</label></div><div class="filter-checkbox filter-checkbox--v2"><input class="filter-checkbox__input js-filter-checkbox__input" type="checkbox" id="filterSeries_DCS+Compendium" data-value="DCS+Compendium" onclick="_gaq.push(['_trackEvent','filter-All+Scotch+Whiskies','click','Series-DCS+Compendium'])"> <label class="filter-checkbox__label filter-checkbox__label-checkbox" for="filterSeries_DCS+Compendium">DCS Compendium (1)</label></div><div class="filter-checkbox filter-checkbox--v2"><input class="filter-checkbox__input js-filter-checkbox__input" type="checkbox" id="filterSeries_Diageo+Special+Releases+2002" data-value="Diageo+Special+Releases+2002" onclick="_gaq.push(['_trackEvent','filter-All+Scotch+Whiskies','click','Series-Diageo+Special+Releases+2002'])"> <label class="filter-checkbox__label filter-checkbox__label-checkbox" for="filterSeries_Diageo+Special+Releases+2002">Diageo Special Releases 2002 (1)</label></div><div class="filter-checkbox filter-checkbox--v2"><input class="filter-checkbox__input js-filter-checkbox__input" type="checkbox" id="filterSeries_Diageo+Special+Releases+2003" data-value="Diageo+Special+Releases+2003" onclick="_gaq.push(['_trackEvent','filter-All+Scotch+Whiskies','click','Series-Diageo+Special+Releases+2003'])"> <label class="filter-checkbox__label filter-checkbox__label-checkbox" for="filterSeries_Diageo+Special+Releases+2003">Diageo Special Releases 2003 (6)</label></div><div class="filter-checkbox filter-checkbox--v2"><input class="filter-checkbox__input js-filter-checkbox__input" type="checkbox" id="filterSeries_Diageo+Special+Releases+2004" data-value="Diageo+Special+Releases+2004" onclick="_gaq.push(['_trackEvent','filter-All+Scotch+Whiskies','click','Series-Diageo+Special+Releases+2004'])"> <label class="filter-checkbox__label filter-checkbox__label-checkbox" for="filterSeries_Diageo+Special+Releases+2004">Diageo Special Releases 2004 (3)</label></div><div class="filter-checkbox filter-checkbox--v2"><input class="filter-checkbox__input js-filter-checkbox__input" type="checkbox" id="filterSeries_Diageo+Special+Releases+2005" data-value="Diageo+Special+Releases+2005" onclick="_gaq.push(['_trackEvent','filter-All+Scotch+Whiskies','click','Series-Diageo+Special+Releases+2005'])"> <label class="filter-checkbox__label filter-checkbox__label-checkbox" for="filterSeries_Diageo+Special+Releases+2005">Diageo Special Releases 2005 (4)</label></div><div class="filter-checkbox filter-checkbox--v2"><input class="filter-checkbox__input js-filter-checkbox__input" type="checkbox" id="filterSeries_Diageo+Special+Releases+2006" data-value="Diageo+Special+Releases+2006" onclick="_gaq.push(['_trackEvent','filter-All+Scotch+Whiskies','click','Series-Diageo+Special+Releases+2006'])"> <label class="filter-checkbox__label filter-checkbox__label-checkbox" for="filterSeries_Diageo+Special+Releases+2006">Diageo Special Releases 2006 (2)</label></div><div class="filter-checkbox filter-checkbox--v2"><input class="filter-checkbox__input js-filter-checkbox__input" type="checkbox" id="filterSeries_Diageo+Special+Releases+2007" data-value="Diageo+Special+Releases+2007" onclick="_gaq.push(['_trackEvent','filter-All+Scotch+Whiskies','click','Series-Diageo+Special+Releases+2007'])"> <label class="filter-checkbox__label filter-checkbox__label-checkbox" for="filterSeries_Diageo+Special+Releases+2007">Diageo Special Releases 2007 (4)</label></div><div class="filter-checkbox filter-checkbox--v2"><input class="filter-checkbox__input js-filter-checkbox__input" type="checkbox" id="filterSeries_Diageo+Special+Releases+2008" data-value="Diageo+Special+Releases+2008" onclick="_gaq.push(['_trackEvent','filter-All+Scotch+Whiskies','click','Series-Diageo+Special+Releases+2008'])"> <label class="filter-checkbox__label filter-checkbox__label-checkbox" for="filterSeries_Diageo+Special+Releases+2008">Diageo Special Releases 2008 (1)</label></div><div class="filter-checkbox filter-checkbox--v2"><input class="filter-checkbox__input js-filter-checkbox__input" type="checkbox" id="filterSeries_Diageo+Special+Releases+2009" data-value="Diageo+Special+Releases+2009" onclick="_gaq.push(['_trackEvent','filter-All+Scotch+Whiskies','click','Series-Diageo+Special+Releases+2009'])"> <label class="filter-checkbox__label filter-checkbox__label-checkbox" for="filterSeries_Diageo+Special+Releases+2009">Diageo Special Releases 2009 (1)</label></div><div class="filter-checkbox filter-checkbox--v2"><input class="filter-checkbox__input js-filter-checkbox__input" type="checkbox" id="filterSeries_Diageo+Special+Releases+2010" data-value="Diageo+Special+Releases+2010" onclick="_gaq.push(['_trackEvent','filter-All+Scotch+Whiskies','click','Series-Diageo+Special+Releases+2010'])"> <label class="filter-checkbox__label filter-checkbox__label-checkbox" for="filterSeries_Diageo+Special+Releases+2010">Diageo Special Releases 2010 (2)</label></div><div class="filter-checkbox filter-checkbox--v2"><input class="filter-checkbox__input js-filter-checkbox__input" type="checkbox" id="filterSeries_Diageo+Special+Releases+2011" data-value="Diageo+Special+Releases+2011" onclick="_gaq.push(['_trackEvent','filter-All+Scotch+Whiskies','click','Series-Diageo+Special+Releases+2011'])"> <label class="filter-checkbox__label filter-checkbox__label-checkbox" for="filterSeries_Diageo+Special+Releases+2011">Diageo Special Releases 2011 (3)</label></div><div class="filter-checkbox filter-checkbox--v2"><input class="filter-checkbox__input js-filter-checkbox__input" type="checkbox" id="filterSeries_Diageo+Special+Releases+2014" data-value="Diageo+Special+Releases+2014" onclick="_gaq.push(['_trackEvent','filter-All+Scotch+Whiskies','click','Series-Diageo+Special+Releases+2014'])"> <label class="filter-checkbox__label filter-checkbox__label-checkbox" for="filterSeries_Diageo+Special+Releases+2014">Diageo Special Releases 2014 (1)</label></div><div class="filter-checkbox filter-checkbox--v2"><input class="filter-checkbox__input js-filter-checkbox__input" type="checkbox" id="filterSeries_Diageo+Special+Releases+2015" data-value="Diageo+Special+Releases+2015" onclick="_gaq.push(['_trackEvent','filter-All+Scotch+Whiskies','click','Series-Diageo+Special+Releases+2015'])"> <label class="filter-checkbox__label filter-checkbox__label-checkbox" for="filterSeries_Diageo+Special+Releases+2015">Diageo Special Releases 2015 (3)</label></div><div class="filter-checkbox filter-checkbox--v2"><input class="filter-checkbox__input js-filter-checkbox__input" type="checkbox" id="filterSeries_Diageo+Special+Releases+2016" data-value="Diageo+Special+Releases+2016" onclick="_gaq.push(['_trackEvent','filter-All+Scotch+Whiskies','click','Series-Diageo+Special+Releases+2016'])"> <label class="filter-checkbox__label filter-checkbox__label-checkbox" for="filterSeries_Diageo+Special+Releases+2016">Diageo Special Releases 2016 (2)</label></div><div class="filter-checkbox filter-checkbox--v2"><input class="filter-checkbox__input js-filter-checkbox__input" type="checkbox" id="filterSeries_Diageo+Special+Releases+2017" data-value="Diageo+Special+Releases+2017" onclick="_gaq.push(['_trackEvent','filter-All+Scotch+Whiskies','click','Series-Diageo+Special+Releases+2017'])"> <label class="filter-checkbox__label filter-checkbox__label-checkbox" for="filterSeries_Diageo+Special+Releases+2017">Diageo Special Releases 2017 (1)</label></div><div class="filter-checkbox filter-checkbox--v2"><input class="filter-checkbox__input js-filter-checkbox__input" type="checkbox" id="filterSeries_Diageo+Special+Releases+2018" data-value="Diageo+Special+Releases+2018" onclick="_gaq.push(['_trackEvent','filter-All+Scotch+Whiskies','click','Series-Diageo+Special+Releases+2018'])"> <label class="filter-checkbox__label filter-checkbox__label-checkbox" for="filterSeries_Diageo+Special+Releases+2018">Diageo Special Releases 2018 (1)</label></div><div class="filter-checkbox filter-checkbox--v2"><input class="filter-checkbox__input js-filter-checkbox__input" type="checkbox" id="filterSeries_Diageo+Special+Releases+2020" data-value="Diageo+Special+Releases+2020" onclick="_gaq.push(['_trackEvent','filter-All+Scotch+Whiskies','click','Series-Diageo+Special+Releases+2020'])"> <label class="filter-checkbox__label filter-checkbox__label-checkbox" for="filterSeries_Diageo+Special+Releases+2020">Diageo Special Releases 2020 (2)</label></div><div class="filter-checkbox filter-checkbox--v2"><input class="filter-checkbox__input js-filter-checkbox__input" type="checkbox" id="filterSeries_Diageo+Special+Releases+2021" data-value="Diageo+Special+Releases+2021" onclick="_gaq.push(['_trackEvent','filter-All+Scotch+Whiskies','click','Series-Diageo+Special+Releases+2021'])"> <label class="filter-checkbox__label filter-checkbox__label-checkbox" for="filterSeries_Diageo+Special+Releases+2021">Diageo Special Releases 2021 (5)</label></div><div class="filter-checkbox filter-checkbox--v2"><input class="filter-checkbox__input js-filter-checkbox__input" type="checkbox" id="filterSeries_Director%27s+Special" data-value="Director%27s+Special" onclick="_gaq.push(['_trackEvent','filter-All+Scotch+Whiskies','click','Series-Director%27s+Special'])"> <label class="filter-checkbox__label filter-checkbox__label-checkbox" for="filterSeries_Director%27s+Special">Director's Special (1)</label></div><div class="filter-checkbox filter-checkbox--v2"><input class="filter-checkbox__input js-filter-checkbox__input" type="checkbox" id="filterSeries_Distillers+Edition" data-value="Distillers+Edition" onclick="_gaq.push(['_trackEvent','filter-All+Scotch+Whiskies','click','Series-Distillers+Edition'])"> <label class="filter-checkbox__label filter-checkbox__label-checkbox" for="filterSeries_Distillers+Edition">Distillers Edition (6)</label></div><div class="filter-checkbox filter-checkbox--v2"><input class="filter-checkbox__input js-filter-checkbox__input" type="checkbox" id="filterSeries_Distillery+Labels" data-value="Distillery+Labels" onclick="_gaq.push(['_trackEvent','filter-All+Scotch+Whiskies','click','Series-Distillery+Labels'])"> <label class="filter-checkbox__label filter-checkbox__label-checkbox" for="filterSeries_Distillery+Labels">Distillery Labels (8)</label></div><div class="filter-checkbox filter-checkbox--v2"><input class="filter-checkbox__input js-filter-checkbox__input" type="checkbox" id="filterSeries_Distillery+Reserve+Collection" data-value="Distillery+Reserve+Collection" onclick="_gaq.push(['_trackEvent','filter-All+Scotch+Whiskies','click','Series-Distillery+Reserve+Collection'])"> <label class="filter-checkbox__label filter-checkbox__label-checkbox" for="filterSeries_Distillery+Reserve+Collection">Distillery Reserve Collection (9)</label></div><div class="filter-checkbox filter-checkbox--v2"><input class="filter-checkbox__input js-filter-checkbox__input" type="checkbox" id="filterSeries_Dreams" data-value="Dreams" onclick="_gaq.push(['_trackEvent','filter-All+Scotch+Whiskies','click','Series-Dreams'])"> <label class="filter-checkbox__label filter-checkbox__label-checkbox" for="filterSeries_Dreams">Dreams (1)</label></div><div class="filter-checkbox filter-checkbox--v2"><input class="filter-checkbox__input js-filter-checkbox__input" type="checkbox" id="filterSeries_Editions" data-value="Editions" onclick="_gaq.push(['_trackEvent','filter-All+Scotch+Whiskies','click','Series-Editions'])"> <label class="filter-checkbox__label filter-checkbox__label-checkbox" for="filterSeries_Editions">Editions (1)</label></div><div class="filter-checkbox filter-checkbox--v2"><input class="filter-checkbox__input js-filter-checkbox__input" type="checkbox" id="filterSeries_Eidolon" data-value="Eidolon" onclick="_gaq.push(['_trackEvent','filter-All+Scotch+Whiskies','click','Series-Eidolon'])"> <label class="filter-checkbox__label filter-checkbox__label-checkbox" for="filterSeries_Eidolon">Eidolon (1)</label></div><div class="filter-checkbox filter-checkbox--v2"><input class="filter-checkbox__input js-filter-checkbox__input" type="checkbox" id="filterSeries_Elements+L1.0" data-value="Elements+L1.0" onclick="_gaq.push(['_trackEvent','filter-All+Scotch+Whiskies','click','Series-Elements+L1.0'])"> <label class="filter-checkbox__label filter-checkbox__label-checkbox" for="filterSeries_Elements+L1.0">Elements L1.0 (1)</label></div><div class="filter-checkbox filter-checkbox--v2"><input class="filter-checkbox__input js-filter-checkbox__input" type="checkbox" id="filterSeries_Elements+of+Islay" data-value="Elements+of+Islay" onclick="_gaq.push(['_trackEvent','filter-All+Scotch+Whiskies','click','Series-Elements+of+Islay'])"> <label class="filter-checkbox__label filter-checkbox__label-checkbox" for="filterSeries_Elements+of+Islay">Elements of Islay (26)</label></div><div class="filter-checkbox filter-checkbox--v2"><input class="filter-checkbox__input js-filter-checkbox__input" type="checkbox" id="filterSeries_Elgin+Heritage" data-value="Elgin+Heritage" onclick="_gaq.push(['_trackEvent','filter-All+Scotch+Whiskies','click','Series-Elgin+Heritage'])"> <label class="filter-checkbox__label filter-checkbox__label-checkbox" for="filterSeries_Elgin+Heritage">Elgin Heritage (1)</label></div><div class="filter-checkbox filter-checkbox--v2"><input class="filter-checkbox__input js-filter-checkbox__input" type="checkbox" id="filterSeries_Exceptional+Cask" data-value="Exceptional+Cask" onclick="_gaq.push(['_trackEvent','filter-All+Scotch+Whiskies','click','Series-Exceptional+Cask'])"> <label class="filter-checkbox__label filter-checkbox__label-checkbox" for="filterSeries_Exceptional+Cask">Exceptional Cask (3)</label></div><div class="filter-checkbox filter-checkbox--v2"><input class="filter-checkbox__input js-filter-checkbox__input" type="checkbox" id="filterSeries_Experimental+Series" data-value="Experimental+Series" onclick="_gaq.push(['_trackEvent','filter-All+Scotch+Whiskies','click','Series-Experimental+Series'])"> <label class="filter-checkbox__label filter-checkbox__label-checkbox" for="filterSeries_Experimental+Series">Experimental Series (2)</label></div><div class="filter-checkbox filter-checkbox--v2"><input class="filter-checkbox__input js-filter-checkbox__input" type="checkbox" id="filterSeries_Experimental+Series+%2305" data-value="Experimental+Series+%2305" onclick="_gaq.push(['_trackEvent','filter-All+Scotch+Whiskies','click','Series-Experimental+Series+%2305'])"> <label class="filter-checkbox__label filter-checkbox__label-checkbox" for="filterSeries_Experimental+Series+%2305">Experimental Series #05 (1)</label></div><div class="filter-checkbox filter-checkbox--v2"><input class="filter-checkbox__input js-filter-checkbox__input" type="checkbox" id="filterSeries_Extraordinary+Cask+Collection" data-value="Extraordinary+Cask+Collection" onclick="_gaq.push(['_trackEvent','filter-All+Scotch+Whiskies','click','Series-Extraordinary+Cask+Collection'])"> <label class="filter-checkbox__label filter-checkbox__label-checkbox" for="filterSeries_Extraordinary+Cask+Collection">Extraordinary Cask Collection (1)</label></div><div class="filter-checkbox filter-checkbox--v2"><input class="filter-checkbox__input js-filter-checkbox__input" type="checkbox" id="filterSeries_Family+Casks" data-value="Family+Casks" onclick="_gaq.push(['_trackEvent','filter-All+Scotch+Whiskies','click','Series-Family+Casks'])"> <label class="filter-checkbox__label filter-checkbox__label-checkbox" for="filterSeries_Family+Casks">Family Casks (2)</label></div><div class="filter-checkbox filter-checkbox--v2"><input class="filter-checkbox__input js-filter-checkbox__input" type="checkbox" id="filterSeries_Fine+%26+Rare" data-value="Fine+%26+Rare" onclick="_gaq.push(['_trackEvent','filter-All+Scotch+Whiskies','click','Series-Fine+%26+Rare'])"> <label class="filter-checkbox__label filter-checkbox__label-checkbox" for="filterSeries_Fine+%26+Rare">Fine &amp; Rare (1)</label></div><div class="filter-checkbox filter-checkbox--v2"><input class="filter-checkbox__input js-filter-checkbox__input" type="checkbox" id="filterSeries_Finest+Collection" data-value="Finest+Collection" onclick="_gaq.push(['_trackEvent','filter-All+Scotch+Whiskies','click','Series-Finest+Collection'])"> <label class="filter-checkbox__label filter-checkbox__label-checkbox" for="filterSeries_Finest+Collection">Finest Collection (6)</label></div><div class="filter-checkbox filter-checkbox--v2"><input class="filter-checkbox__input js-filter-checkbox__input" type="checkbox" id="filterSeries_First+Cask" data-value="First+Cask" onclick="_gaq.push(['_trackEvent','filter-All+Scotch+Whiskies','click','Series-First+Cask'])"> <label class="filter-checkbox__label filter-checkbox__label-checkbox" for="filterSeries_First+Cask">First Cask (28)</label></div><div class="filter-checkbox filter-checkbox--v2"><input class="filter-checkbox__input js-filter-checkbox__input" type="checkbox" id="filterSeries_First+Editions" data-value="First+Editions" onclick="_gaq.push(['_trackEvent','filter-All+Scotch+Whiskies','click','Series-First+Editions'])"> <label class="filter-checkbox__label filter-checkbox__label-checkbox" for="filterSeries_First+Editions">First Editions (1)</label></div><div class="filter-checkbox filter-checkbox--v2"><input class="filter-checkbox__input js-filter-checkbox__input" type="checkbox" id="filterSeries_First+Growth" data-value="First+Growth" onclick="_gaq.push(['_trackEvent','filter-All+Scotch+Whiskies','click','Series-First+Growth'])"> <label class="filter-checkbox__label filter-checkbox__label-checkbox" for="filterSeries_First+Growth">First Growth (2)</label></div><div class="filter-checkbox filter-checkbox--v2"><input class="filter-checkbox__input js-filter-checkbox__input" type="checkbox" id="filterSeries_Flora+%26+Fauna" data-value="Flora+%26+Fauna" onclick="_gaq.push(['_trackEvent','filter-All+Scotch+Whiskies','click','Series-Flora+%26+Fauna'])"> <label class="filter-checkbox__label filter-checkbox__label-checkbox" for="filterSeries_Flora+%26+Fauna">Flora &amp; Fauna (28)</label></div><div class="filter-checkbox filter-checkbox--v2"><input class="filter-checkbox__input js-filter-checkbox__input" type="checkbox" id="filterSeries_Four+Styles" data-value="Four+Styles" onclick="_gaq.push(['_trackEvent','filter-All+Scotch+Whiskies','click','Series-Four+Styles'])"> <label class="filter-checkbox__label filter-checkbox__label-checkbox" for="filterSeries_Four+Styles">Four Styles (2)</label></div><div class="filter-checkbox filter-checkbox--v2"><input class="filter-checkbox__input js-filter-checkbox__input" type="checkbox" id="filterSeries_Gemini" data-value="Gemini" onclick="_gaq.push(['_trackEvent','filter-All+Scotch+Whiskies','click','Series-Gemini'])"> <label class="filter-checkbox__label filter-checkbox__label-checkbox" for="filterSeries_Gemini">Gemini (1)</label></div><div class="filter-checkbox filter-checkbox--v2"><input class="filter-checkbox__input js-filter-checkbox__input" type="checkbox" id="filterSeries_Ghost+and+Rare" data-value="Ghost+and+Rare" onclick="_gaq.push(['_trackEvent','filter-All+Scotch+Whiskies','click','Series-Ghost+and+Rare'])"> <label class="filter-checkbox__label filter-checkbox__label-checkbox" for="filterSeries_Ghost+and+Rare">Ghost and Rare (1)</label></div><div class="filter-checkbox filter-checkbox--v2"><input class="filter-checkbox__input js-filter-checkbox__input" type="checkbox" id="filterSeries_Glacial+Edge" data-value="Glacial+Edge" onclick="_gaq.push(['_trackEvent','filter-All+Scotch+Whiskies','click','Series-Glacial+Edge'])"> <label class="filter-checkbox__label filter-checkbox__label-checkbox" for="filterSeries_Glacial+Edge">Glacial Edge (1)</label></div><div class="filter-checkbox filter-checkbox--v2"><input class="filter-checkbox__input js-filter-checkbox__input" type="checkbox" id="filterSeries_Gran+Reserva" data-value="Gran+Reserva" onclick="_gaq.push(['_trackEvent','filter-All+Scotch+Whiskies','click','Series-Gran+Reserva'])"> <label class="filter-checkbox__label filter-checkbox__label-checkbox" for="filterSeries_Gran+Reserva">Gran Reserva (2)</label></div><div class="filter-checkbox filter-checkbox--v2"><input class="filter-checkbox__input js-filter-checkbox__input" type="checkbox" id="filterSeries_Grand+Yozakura" data-value="Grand+Yozakura" onclick="_gaq.push(['_trackEvent','filter-All+Scotch+Whiskies','click','Series-Grand+Yozakura'])"> <label class="filter-checkbox__label filter-checkbox__label-checkbox" for="filterSeries_Grand+Yozakura">Grand Yozakura (1)</label></div><div class="filter-checkbox filter-checkbox--v2"><input class="filter-checkbox__input js-filter-checkbox__input" type="checkbox" id="filterSeries_Hepburn%27s+Choice" data-value="Hepburn%27s+Choice" onclick="_gaq.push(['_trackEvent','filter-All+Scotch+Whiskies','click','Series-Hepburn%27s+Choice'])"> <label class="filter-checkbox__label filter-checkbox__label-checkbox" for="filterSeries_Hepburn%27s+Choice">Hepburn's Choice (2)</label></div><div class="filter-checkbox filter-checkbox--v2"><input class="filter-checkbox__input js-filter-checkbox__input" type="checkbox" id="filterSeries_Highland+Series+001" data-value="Highland+Series+001" onclick="_gaq.push(['_trackEvent','filter-All+Scotch+Whiskies','click','Series-Highland+Series+001'])"> <label class="filter-checkbox__label filter-checkbox__label-checkbox" for="filterSeries_Highland+Series+001">Highland Series 001 (1)</label></div><div class="filter-checkbox filter-checkbox--v2"><input class="filter-checkbox__input js-filter-checkbox__input" type="checkbox" id="filterSeries_Italian+Collection" data-value="Italian+Collection" onclick="_gaq.push(['_trackEvent','filter-All+Scotch+Whiskies','click','Series-Italian+Collection'])"> <label class="filter-checkbox__label filter-checkbox__label-checkbox" for="filterSeries_Italian+Collection">Italian Collection (3)</label></div><div class="filter-checkbox filter-checkbox--v2"><input class="filter-checkbox__input js-filter-checkbox__input" type="checkbox" id="filterSeries_La+Maison+Du+Whisky" data-value="La+Maison+Du+Whisky" onclick="_gaq.push(['_trackEvent','filter-All+Scotch+Whiskies','click','Series-La+Maison+Du+Whisky'])"> <label class="filter-checkbox__label filter-checkbox__label-checkbox" for="filterSeries_La+Maison+Du+Whisky">La Maison Du Whisky (3)</label></div><div class="filter-checkbox filter-checkbox--v2"><input class="filter-checkbox__input js-filter-checkbox__input" type="checkbox" id="filterSeries_Legacy" data-value="Legacy" onclick="_gaq.push(['_trackEvent','filter-All+Scotch+Whiskies','click','Series-Legacy'])"> <label class="filter-checkbox__label filter-checkbox__label-checkbox" for="filterSeries_Legacy">Legacy (2)</label></div><div class="filter-checkbox filter-checkbox--v2"><input class="filter-checkbox__input js-filter-checkbox__input" type="checkbox" id="filterSeries_Local+Barley" data-value="Local+Barley" onclick="_gaq.push(['_trackEvent','filter-All+Scotch+Whiskies','click','Series-Local+Barley'])"> <label class="filter-checkbox__label filter-checkbox__label-checkbox" for="filterSeries_Local+Barley">Local Barley (2)</label></div><div class="filter-checkbox filter-checkbox--v2"><input class="filter-checkbox__input js-filter-checkbox__input" type="checkbox" id="filterSeries_Lonach" data-value="Lonach" onclick="_gaq.push(['_trackEvent','filter-All+Scotch+Whiskies','click','Series-Lonach'])"> <label class="filter-checkbox__label filter-checkbox__label-checkbox" for="filterSeries_Lonach">Lonach (1)</label></div><div class="filter-checkbox filter-checkbox--v2"><input class="filter-checkbox__input js-filter-checkbox__input" type="checkbox" id="filterSeries_Lost+Drams+Collection" data-value="Lost+Drams+Collection" onclick="_gaq.push(['_trackEvent','filter-All+Scotch+Whiskies','click','Series-Lost+Drams+Collection'])"> <label class="filter-checkbox__label filter-checkbox__label-checkbox" for="filterSeries_Lost+Drams+Collection">Lost Drams Collection (1)</label></div><div class="filter-checkbox filter-checkbox--v2"><input class="filter-checkbox__input js-filter-checkbox__input" type="checkbox" id="filterSeries_Lost+In+Time" data-value="Lost+In+Time" onclick="_gaq.push(['_trackEvent','filter-All+Scotch+Whiskies','click','Series-Lost+In+Time'])"> <label class="filter-checkbox__label filter-checkbox__label-checkbox" for="filterSeries_Lost+In+Time">Lost In Time (8)</label></div><div class="filter-checkbox filter-checkbox--v2"><input class="filter-checkbox__input js-filter-checkbox__input" type="checkbox" id="filterSeries_Macbeth" data-value="Macbeth" onclick="_gaq.push(['_trackEvent','filter-All+Scotch+Whiskies','click','Series-Macbeth'])"> <label class="filter-checkbox__label filter-checkbox__label-checkbox" for="filterSeries_Macbeth">Macbeth (9)</label></div><div class="filter-checkbox filter-checkbox--v2"><input class="filter-checkbox__input js-filter-checkbox__input" type="checkbox" id="filterSeries_Machrie+Moor" data-value="Machrie+Moor" onclick="_gaq.push(['_trackEvent','filter-All+Scotch+Whiskies','click','Series-Machrie+Moor'])"> <label class="filter-checkbox__label filter-checkbox__label-checkbox" for="filterSeries_Machrie+Moor">Machrie Moor (1)</label></div><div class="filter-checkbox filter-checkbox--v2"><input class="filter-checkbox__input js-filter-checkbox__input" type="checkbox" id="filterSeries_Mackillop%27s+Choice" data-value="Mackillop%27s+Choice" onclick="_gaq.push(['_trackEvent','filter-All+Scotch+Whiskies','click','Series-Mackillop%27s+Choice'])"> <label class="filter-checkbox__label filter-checkbox__label-checkbox" for="filterSeries_Mackillop%27s+Choice">Mackillop's Choice (4)</label></div><div class="filter-checkbox filter-checkbox--v2"><input class="filter-checkbox__input js-filter-checkbox__input" type="checkbox" id="filterSeries_Man+O%27+Words" data-value="Man+O%27+Words" onclick="_gaq.push(['_trackEvent','filter-All+Scotch+Whiskies','click','Series-Man+O%27+Words'])"> <label class="filter-checkbox__label filter-checkbox__label-checkbox" for="filterSeries_Man+O%27+Words">Man O' Words (1)</label></div><div class="filter-checkbox filter-checkbox--v2"><input class="filter-checkbox__input js-filter-checkbox__input" type="checkbox" id="filterSeries_Managers%27+Choice" data-value="Managers%27+Choice" onclick="_gaq.push(['_trackEvent','filter-All+Scotch+Whiskies','click','Series-Managers%27+Choice'])"> <label class="filter-checkbox__label filter-checkbox__label-checkbox" for="filterSeries_Managers%27+Choice">Managers' Choice (5)</label></div><div class="filter-checkbox filter-checkbox--v2"><input class="filter-checkbox__input js-filter-checkbox__input" type="checkbox" id="filterSeries_Manager%27s+Dram" data-value="Manager%27s+Dram" onclick="_gaq.push(['_trackEvent','filter-All+Scotch+Whiskies','click','Series-Manager%27s+Dram'])"> <label class="filter-checkbox__label filter-checkbox__label-checkbox" for="filterSeries_Manager%27s+Dram">Manager's Dram (17)</label></div><div class="filter-checkbox filter-checkbox--v2"><input class="filter-checkbox__input js-filter-checkbox__input" type="checkbox" id="filterSeries_Marriage+Of+Casks" data-value="Marriage+Of+Casks" onclick="_gaq.push(['_trackEvent','filter-All+Scotch+Whiskies','click','Series-Marriage+Of+Casks'])"> <label class="filter-checkbox__label filter-checkbox__label-checkbox" for="filterSeries_Marriage+Of+Casks">Marriage Of Casks (1)</label></div><div class="filter-checkbox filter-checkbox--v2"><input class="filter-checkbox__input js-filter-checkbox__input" type="checkbox" id="filterSeries_Master+Of+Magic" data-value="Master+Of+Magic" onclick="_gaq.push(['_trackEvent','filter-All+Scotch+Whiskies','click','Series-Master+Of+Magic'])"> <label class="filter-checkbox__label filter-checkbox__label-checkbox" for="filterSeries_Master+Of+Magic">Master Of Magic (1)</label></div><div class="filter-checkbox filter-checkbox--v2"><input class="filter-checkbox__input js-filter-checkbox__input" type="checkbox" id="filterSeries_Masters+of+Photography" data-value="Masters+of+Photography" onclick="_gaq.push(['_trackEvent','filter-All+Scotch+Whiskies','click','Series-Masters+of+Photography'])"> <label class="filter-checkbox__label filter-checkbox__label-checkbox" for="filterSeries_Masters+of+Photography">Masters of Photography (1)</label></div><div class="filter-checkbox filter-checkbox--v2"><input class="filter-checkbox__input js-filter-checkbox__input" type="checkbox" id="filterSeries_Millennium" data-value="Millennium" onclick="_gaq.push(['_trackEvent','filter-All+Scotch+Whiskies','click','Series-Millennium'])"> <label class="filter-checkbox__label filter-checkbox__label-checkbox" for="filterSeries_Millennium">Millennium (2)</label></div><div class="filter-checkbox filter-checkbox--v2"><input class="filter-checkbox__input js-filter-checkbox__input" type="checkbox" id="filterSeries_Millennium+Edition" data-value="Millennium+Edition" onclick="_gaq.push(['_trackEvent','filter-All+Scotch+Whiskies','click','Series-Millennium+Edition'])"> <label class="filter-checkbox__label filter-checkbox__label-checkbox" for="filterSeries_Millennium+Edition">Millennium Edition (1)</label></div><div class="filter-checkbox filter-checkbox--v2"><input class="filter-checkbox__input js-filter-checkbox__input" type="checkbox" id="filterSeries_Mission" data-value="Mission" onclick="_gaq.push(['_trackEvent','filter-All+Scotch+Whiskies','click','Series-Mission'])"> <label class="filter-checkbox__label filter-checkbox__label-checkbox" for="filterSeries_Mission">Mission (1)</label></div><div class="filter-checkbox filter-checkbox--v2"><input class="filter-checkbox__input js-filter-checkbox__input" type="checkbox" id="filterSeries_Mr+George+Legacy" data-value="Mr+George+Legacy" onclick="_gaq.push(['_trackEvent','filter-All+Scotch+Whiskies','click','Series-Mr+George+Legacy'])"> <label class="filter-checkbox__label filter-checkbox__label-checkbox" for="filterSeries_Mr+George+Legacy">Mr George Legacy (1)</label></div><div class="filter-checkbox filter-checkbox--v2"><input class="filter-checkbox__input js-filter-checkbox__input" type="checkbox" id="filterSeries_Na+Sia+Cask+Series" data-value="Na+Sia+Cask+Series" onclick="_gaq.push(['_trackEvent','filter-All+Scotch+Whiskies','click','Series-Na+Sia+Cask+Series'])"> <label class="filter-checkbox__label filter-checkbox__label-checkbox" for="filterSeries_Na+Sia+Cask+Series">Na Sia Cask Series (3)</label></div><div class="filter-checkbox filter-checkbox--v2"><input class="filter-checkbox__input js-filter-checkbox__input" type="checkbox" id="filterSeries_Na+Sia+Single+Cask" data-value="Na+Sia+Single+Cask" onclick="_gaq.push(['_trackEvent','filter-All+Scotch+Whiskies','click','Series-Na+Sia+Single+Cask'])"> <label class="filter-checkbox__label filter-checkbox__label-checkbox" for="filterSeries_Na+Sia+Single+Cask">Na Sia Single Cask (1)</label></div><div class="filter-checkbox filter-checkbox--v2"><input class="filter-checkbox__input js-filter-checkbox__input" type="checkbox" id="filterSeries_Nectar+of+the+Daily+Drams" data-value="Nectar+of+the+Daily+Drams" onclick="_gaq.push(['_trackEvent','filter-All+Scotch+Whiskies','click','Series-Nectar+of+the+Daily+Drams'])"> <label class="filter-checkbox__label filter-checkbox__label-checkbox" for="filterSeries_Nectar+of+the+Daily+Drams">Nectar of the Daily Drams (5)</label></div><div class="filter-checkbox filter-checkbox--v2"><input class="filter-checkbox__input js-filter-checkbox__input" type="checkbox" id="filterSeries_Notable+Age+Statements" data-value="Notable+Age+Statements" onclick="_gaq.push(['_trackEvent','filter-All+Scotch+Whiskies','click','Series-Notable+Age+Statements'])"> <label class="filter-checkbox__label filter-checkbox__label-checkbox" for="filterSeries_Notable+Age+Statements">Notable Age Statements (1)</label></div><div class="filter-checkbox filter-checkbox--v2"><input class="filter-checkbox__input js-filter-checkbox__input" type="checkbox" id="filterSeries_Octomore+Series+15" data-value="Octomore+Series+15" onclick="_gaq.push(['_trackEvent','filter-All+Scotch+Whiskies','click','Series-Octomore+Series+15'])"> <label class="filter-checkbox__label filter-checkbox__label-checkbox" for="filterSeries_Octomore+Series+15">Octomore Series 15 (3)</label></div><div class="filter-checkbox filter-checkbox--v2"><input class="filter-checkbox__input js-filter-checkbox__input" type="checkbox" id="filterSeries_Old+%26+Rare" data-value="Old+%26+Rare" onclick="_gaq.push(['_trackEvent','filter-All+Scotch+Whiskies','click','Series-Old+%26+Rare'])"> <label class="filter-checkbox__label filter-checkbox__label-checkbox" for="filterSeries_Old+%26+Rare">Old &amp; Rare (13)</label></div><div class="filter-checkbox filter-checkbox--v2"><input class="filter-checkbox__input js-filter-checkbox__input" type="checkbox" id="filterSeries_Old+Malt+Cask" data-value="Old+Malt+Cask" onclick="_gaq.push(['_trackEvent','filter-All+Scotch+Whiskies','click','Series-Old+Malt+Cask'])"> <label class="filter-checkbox__label filter-checkbox__label-checkbox" for="filterSeries_Old+Malt+Cask">Old Malt Cask (89)</label></div><div class="filter-checkbox filter-checkbox--v2"><input class="filter-checkbox__input js-filter-checkbox__input" type="checkbox" id="filterSeries_Old+Particular" data-value="Old+Particular" onclick="_gaq.push(['_trackEvent','filter-All+Scotch+Whiskies','click','Series-Old+Particular'])"> <label class="filter-checkbox__label filter-checkbox__label-checkbox" for="filterSeries_Old+Particular">Old Particular (10)</label></div><div class="filter-checkbox filter-checkbox--v2"><input class="filter-checkbox__input js-filter-checkbox__input" type="checkbox" id="filterSeries_Online+Tasting" data-value="Online+Tasting" onclick="_gaq.push(['_trackEvent','filter-All+Scotch+Whiskies','click','Series-Online+Tasting'])"> <label class="filter-checkbox__label filter-checkbox__label-checkbox" for="filterSeries_Online+Tasting">Online Tasting (1)</label></div><div class="filter-checkbox filter-checkbox--v2"><input class="filter-checkbox__input js-filter-checkbox__input" type="checkbox" id="filterSeries_Open+Course+Collection" data-value="Open+Course+Collection" onclick="_gaq.push(['_trackEvent','filter-All+Scotch+Whiskies','click','Series-Open+Course+Collection'])"> <label class="filter-checkbox__label filter-checkbox__label-checkbox" for="filterSeries_Open+Course+Collection">Open Course Collection (1)</label></div><div class="filter-checkbox filter-checkbox--v2"><input class="filter-checkbox__input js-filter-checkbox__input" type="checkbox" id="filterSeries_Original+Collection" data-value="Original+Collection" onclick="_gaq.push(['_trackEvent','filter-All+Scotch+Whiskies','click','Series-Original+Collection'])"> <label class="filter-checkbox__label filter-checkbox__label-checkbox" for="filterSeries_Original+Collection">Original Collection (1)</label></div><div class="filter-checkbox filter-checkbox--v2"><input class="filter-checkbox__input js-filter-checkbox__input" type="checkbox" id="filterSeries_Pearls+of+Scotland" data-value="Pearls+of+Scotland" onclick="_gaq.push(['_trackEvent','filter-All+Scotch+Whiskies','click','Series-Pearls+of+Scotland'])"> <label class="filter-checkbox__label filter-checkbox__label-checkbox" for="filterSeries_Pearls+of+Scotland">Pearls of Scotland (1)</label></div><div class="filter-checkbox filter-checkbox--v2"><input class="filter-checkbox__input js-filter-checkbox__input" type="checkbox" id="filterSeries_Peerless" data-value="Peerless" onclick="_gaq.push(['_trackEvent','filter-All+Scotch+Whiskies','click','Series-Peerless'])"> <label class="filter-checkbox__label filter-checkbox__label-checkbox" for="filterSeries_Peerless">Peerless (11)</label></div><div class="filter-checkbox filter-checkbox--v2"><input class="filter-checkbox__input js-filter-checkbox__input" type="checkbox" id="filterSeries_Peter+Blake" data-value="Peter+Blake" onclick="_gaq.push(['_trackEvent','filter-All+Scotch+Whiskies','click','Series-Peter+Blake'])"> <label class="filter-checkbox__label filter-checkbox__label-checkbox" for="filterSeries_Peter+Blake">Peter Blake (1)</label></div><div class="filter-checkbox filter-checkbox--v2"><input class="filter-checkbox__input js-filter-checkbox__input" type="checkbox" id="filterSeries_Platinum+Jubilee+Edition" data-value="Platinum+Jubilee+Edition" onclick="_gaq.push(['_trackEvent','filter-All+Scotch+Whiskies','click','Series-Platinum+Jubilee+Edition'])"> <label class="filter-checkbox__label filter-checkbox__label-checkbox" for="filterSeries_Platinum+Jubilee+Edition">Platinum Jubilee Edition (6)</label></div><div class="filter-checkbox filter-checkbox--v2"><input class="filter-checkbox__input js-filter-checkbox__input" type="checkbox" id="filterSeries_Platinum+Selection" data-value="Platinum+Selection" onclick="_gaq.push(['_trackEvent','filter-All+Scotch+Whiskies','click','Series-Platinum+Selection'])"> <label class="filter-checkbox__label filter-checkbox__label-checkbox" for="filterSeries_Platinum+Selection">Platinum Selection (18)</label></div><div class="filter-checkbox filter-checkbox--v2"><input class="filter-checkbox__input js-filter-checkbox__input" type="checkbox" id="filterSeries_Prima+%26+Ultima" data-value="Prima+%26+Ultima" onclick="_gaq.push(['_trackEvent','filter-All+Scotch+Whiskies','click','Series-Prima+%26+Ultima'])"> <label class="filter-checkbox__label filter-checkbox__label-checkbox" for="filterSeries_Prima+%26+Ultima">Prima &amp; Ultima (6)</label></div><div class="filter-checkbox filter-checkbox--v2"><input class="filter-checkbox__input js-filter-checkbox__input" type="checkbox" id="filterSeries_Private+Cellar+Collection" data-value="Private+Cellar+Collection" onclick="_gaq.push(['_trackEvent','filter-All+Scotch+Whiskies','click','Series-Private+Cellar+Collection'])"> <label class="filter-checkbox__label filter-checkbox__label-checkbox" for="filterSeries_Private+Cellar+Collection">Private Cellar Collection (1)</label></div><div class="filter-checkbox filter-checkbox--v2"><input class="filter-checkbox__input js-filter-checkbox__input" type="checkbox" id="filterSeries_Private+Collection" data-value="Private+Collection" onclick="_gaq.push(['_trackEvent','filter-All+Scotch+Whiskies','click','Series-Private+Collection'])"> <label class="filter-checkbox__label filter-checkbox__label-checkbox" for="filterSeries_Private+Collection">Private Collection (26)</label></div><div class="filter-checkbox filter-checkbox--v2"><input class="filter-checkbox__input js-filter-checkbox__input" type="checkbox" id="filterSeries_Private+Collection+Ultra" data-value="Private+Collection+Ultra" onclick="_gaq.push(['_trackEvent','filter-All+Scotch+Whiskies','click','Series-Private+Collection+Ultra'])"> <label class="filter-checkbox__label filter-checkbox__label-checkbox" for="filterSeries_Private+Collection+Ultra">Private Collection Ultra (2)</label></div><div class="filter-checkbox filter-checkbox--v2"><input class="filter-checkbox__input js-filter-checkbox__input" type="checkbox" id="filterSeries_Private+Edition" data-value="Private+Edition" onclick="_gaq.push(['_trackEvent','filter-All+Scotch+Whiskies','click','Series-Private+Edition'])"> <label class="filter-checkbox__label filter-checkbox__label-checkbox" for="filterSeries_Private+Edition">Private Edition (2)</label></div><div class="filter-checkbox filter-checkbox--v2"><input class="filter-checkbox__input js-filter-checkbox__input" type="checkbox" id="filterSeries_Provenance" data-value="Provenance" onclick="_gaq.push(['_trackEvent','filter-All+Scotch+Whiskies','click','Series-Provenance'])"> <label class="filter-checkbox__label filter-checkbox__label-checkbox" for="filterSeries_Provenance">Provenance (22)</label></div><div class="filter-checkbox filter-checkbox--v2"><input class="filter-checkbox__input js-filter-checkbox__input" type="checkbox" id="filterSeries_Queen%27s+Platinum+Jubilee" data-value="Queen%27s+Platinum+Jubilee" onclick="_gaq.push(['_trackEvent','filter-All+Scotch+Whiskies','click','Series-Queen%27s+Platinum+Jubilee'])"> <label class="filter-checkbox__label filter-checkbox__label-checkbox" for="filterSeries_Queen%27s+Platinum+Jubilee">Queen's Platinum Jubilee (1)</label></div><div class="filter-checkbox filter-checkbox--v2"><input class="filter-checkbox__input js-filter-checkbox__input" type="checkbox" id="filterSeries_Rare+%26+Prestigious+Collection" data-value="Rare+%26+Prestigious+Collection" onclick="_gaq.push(['_trackEvent','filter-All+Scotch+Whiskies','click','Series-Rare+%26+Prestigious+Collection'])"> <label class="filter-checkbox__label filter-checkbox__label-checkbox" for="filterSeries_Rare+%26+Prestigious+Collection">Rare &amp; Prestigious Collection (1)</label></div><div class="filter-checkbox filter-checkbox--v2"><input class="filter-checkbox__input js-filter-checkbox__input" type="checkbox" id="filterSeries_Rare+Auld" data-value="Rare+Auld" onclick="_gaq.push(['_trackEvent','filter-All+Scotch+Whiskies','click','Series-Rare+Auld'])"> <label class="filter-checkbox__label filter-checkbox__label-checkbox" for="filterSeries_Rare+Auld">Rare Auld (4)</label></div><div class="filter-checkbox filter-checkbox--v2"><input class="filter-checkbox__input js-filter-checkbox__input" type="checkbox" id="filterSeries_Rare+Cask" data-value="Rare+Cask" onclick="_gaq.push(['_trackEvent','filter-All+Scotch+Whiskies','click','Series-Rare+Cask'])"> <label class="filter-checkbox__label filter-checkbox__label-checkbox" for="filterSeries_Rare+Cask">Rare Cask (1)</label></div><div class="filter-checkbox filter-checkbox--v2"><input class="filter-checkbox__input js-filter-checkbox__input" type="checkbox" id="filterSeries_Rare+Cask+Series" data-value="Rare+Cask+Series" onclick="_gaq.push(['_trackEvent','filter-All+Scotch+Whiskies','click','Series-Rare+Cask+Series'])"> <label class="filter-checkbox__label filter-checkbox__label-checkbox" for="filterSeries_Rare+Cask+Series">Rare Cask Series (1)</label></div><div class="filter-checkbox filter-checkbox--v2"><input class="filter-checkbox__input js-filter-checkbox__input" type="checkbox" id="filterSeries_Rare+Find" data-value="Rare+Find" onclick="_gaq.push(['_trackEvent','filter-All+Scotch+Whiskies','click','Series-Rare+Find'])"> <label class="filter-checkbox__label filter-checkbox__label-checkbox" for="filterSeries_Rare+Find">Rare Find (5)</label></div><div class="filter-checkbox filter-checkbox--v2"><input class="filter-checkbox__input js-filter-checkbox__input" type="checkbox" id="filterSeries_Rare+Malts" data-value="Rare+Malts" onclick="_gaq.push(['_trackEvent','filter-All+Scotch+Whiskies','click','Series-Rare+Malts'])"> <label class="filter-checkbox__label filter-checkbox__label-checkbox" for="filterSeries_Rare+Malts">Rare Malts (34)</label></div><div class="filter-checkbox filter-checkbox--v2"><input class="filter-checkbox__input js-filter-checkbox__input" type="checkbox" id="filterSeries_Rare+Marriages" data-value="Rare+Marriages" onclick="_gaq.push(['_trackEvent','filter-All+Scotch+Whiskies','click','Series-Rare+Marriages'])"> <label class="filter-checkbox__label filter-checkbox__label-checkbox" for="filterSeries_Rare+Marriages">Rare Marriages (1)</label></div><div class="filter-checkbox filter-checkbox--v2"><input class="filter-checkbox__input js-filter-checkbox__input" type="checkbox" id="filterSeries_Rare+Old" data-value="Rare+Old" onclick="_gaq.push(['_trackEvent','filter-All+Scotch+Whiskies','click','Series-Rare+Old'])"> <label class="filter-checkbox__label filter-checkbox__label-checkbox" for="filterSeries_Rare+Old">Rare Old (7)</label></div><div class="filter-checkbox filter-checkbox--v2"><input class="filter-checkbox__input js-filter-checkbox__input" type="checkbox" id="filterSeries_Rare+Reserve" data-value="Rare+Reserve" onclick="_gaq.push(['_trackEvent','filter-All+Scotch+Whiskies','click','Series-Rare+Reserve'])"> <label class="filter-checkbox__label filter-checkbox__label-checkbox" for="filterSeries_Rare+Reserve">Rare Reserve (1)</label></div><div class="filter-checkbox filter-checkbox--v2"><input class="filter-checkbox__input js-filter-checkbox__input" type="checkbox" id="filterSeries_Rarest+Of+The+Rare" data-value="Rarest+Of+The+Rare" onclick="_gaq.push(['_trackEvent','filter-All+Scotch+Whiskies','click','Series-Rarest+Of+The+Rare'])"> <label class="filter-checkbox__label filter-checkbox__label-checkbox" for="filterSeries_Rarest+Of+The+Rare">Rarest Of The Rare (5)</label></div><div class="filter-checkbox filter-checkbox--v2"><input class="filter-checkbox__input js-filter-checkbox__input" type="checkbox" id="filterSeries_Rarest+Reserve" data-value="Rarest+Reserve" onclick="_gaq.push(['_trackEvent','filter-All+Scotch+Whiskies','click','Series-Rarest+Reserve'])"> <label class="filter-checkbox__label filter-checkbox__label-checkbox" for="filterSeries_Rarest+Reserve">Rarest Reserve (1)</label></div><div class="filter-checkbox filter-checkbox--v2"><input class="filter-checkbox__input js-filter-checkbox__input" type="checkbox" id="filterSeries_Raw+Cask" data-value="Raw+Cask" onclick="_gaq.push(['_trackEvent','filter-All+Scotch+Whiskies','click','Series-Raw+Cask'])"> <label class="filter-checkbox__label filter-checkbox__label-checkbox" for="filterSeries_Raw+Cask">Raw Cask (1)</label></div><div class="filter-checkbox filter-checkbox--v2"><input class="filter-checkbox__input js-filter-checkbox__input" type="checkbox" id="filterSeries_Rebels" data-value="Rebels" onclick="_gaq.push(['_trackEvent','filter-All+Scotch+Whiskies','click','Series-Rebels'])"> <label class="filter-checkbox__label filter-checkbox__label-checkbox" for="filterSeries_Rebels">Rebels (1)</label></div><div class="filter-checkbox filter-checkbox--v2"><input class="filter-checkbox__input js-filter-checkbox__input" type="checkbox" id="filterSeries_Replica" data-value="Replica" onclick="_gaq.push(['_trackEvent','filter-All+Scotch+Whiskies','click','Series-Replica'])"> <label class="filter-checkbox__label filter-checkbox__label-checkbox" for="filterSeries_Replica">Replica (2)</label></div><div class="filter-checkbox filter-checkbox--v2"><input class="filter-checkbox__input js-filter-checkbox__input" type="checkbox" id="filterSeries_Reserve+Casks" data-value="Reserve+Casks" onclick="_gaq.push(['_trackEvent','filter-All+Scotch+Whiskies','click','Series-Reserve+Casks'])"> <label class="filter-checkbox__label filter-checkbox__label-checkbox" for="filterSeries_Reserve+Casks">Reserve Casks (4)</label></div><div class="filter-checkbox filter-checkbox--v2"><input class="filter-checkbox__input js-filter-checkbox__input" type="checkbox" id="filterSeries_Reserve+Collection" data-value="Reserve+Collection" onclick="_gaq.push(['_trackEvent','filter-All+Scotch+Whiskies','click','Series-Reserve+Collection'])"> <label class="filter-checkbox__label filter-checkbox__label-checkbox" for="filterSeries_Reserve+Collection">Reserve Collection (1)</label></div><div class="filter-checkbox filter-checkbox--v2"><input class="filter-checkbox__input js-filter-checkbox__input" type="checkbox" id="filterSeries_Rivers+Collection" data-value="Rivers+Collection" onclick="_gaq.push(['_trackEvent','filter-All+Scotch+Whiskies','click','Series-Rivers+Collection'])"> <label class="filter-checkbox__label filter-checkbox__label-checkbox" for="filterSeries_Rivers+Collection">Rivers Collection (2)</label></div><div class="filter-checkbox filter-checkbox--v2"><input class="filter-checkbox__input js-filter-checkbox__input" type="checkbox" id="filterSeries_Rosebank+Roses" data-value="Rosebank+Roses" onclick="_gaq.push(['_trackEvent','filter-All+Scotch+Whiskies','click','Series-Rosebank+Roses'])"> <label class="filter-checkbox__label filter-checkbox__label-checkbox" for="filterSeries_Rosebank+Roses">Rosebank Roses (3)</label></div><div class="filter-checkbox filter-checkbox--v2"><input class="filter-checkbox__input js-filter-checkbox__input" type="checkbox" id="filterSeries_Sar+Obair" data-value="Sar+Obair" onclick="_gaq.push(['_trackEvent','filter-All+Scotch+Whiskies','click','Series-Sar+Obair'])"> <label class="filter-checkbox__label filter-checkbox__label-checkbox" for="filterSeries_Sar+Obair">Sar Obair (1)</label></div><div class="filter-checkbox filter-checkbox--v2"><input class="filter-checkbox__input js-filter-checkbox__input" type="checkbox" id="filterSeries_Scottish+Castle+Collection" data-value="Scottish+Castle+Collection" onclick="_gaq.push(['_trackEvent','filter-All+Scotch+Whiskies','click','Series-Scottish+Castle+Collection'])"> <label class="filter-checkbox__label filter-checkbox__label-checkbox" for="filterSeries_Scottish+Castle+Collection">Scottish Castle Collection (1)</label></div><div class="filter-checkbox filter-checkbox--v2"><input class="filter-checkbox__input js-filter-checkbox__input" type="checkbox" id="filterSeries_Scottish+Castles" data-value="Scottish+Castles" onclick="_gaq.push(['_trackEvent','filter-All+Scotch+Whiskies','click','Series-Scottish+Castles'])"> <label class="filter-checkbox__label filter-checkbox__label-checkbox" for="filterSeries_Scottish+Castles">Scottish Castles (1)</label></div><div class="filter-checkbox filter-checkbox--v2"><input class="filter-checkbox__input js-filter-checkbox__input" type="checkbox" id="filterSeries_Scottish+Mythical+Creatures" data-value="Scottish+Mythical+Creatures" onclick="_gaq.push(['_trackEvent','filter-All+Scotch+Whiskies','click','Series-Scottish+Mythical+Creatures'])"> <label class="filter-checkbox__label filter-checkbox__label-checkbox" for="filterSeries_Scottish+Mythical+Creatures">Scottish Mythical Creatures (1)</label></div><div class="filter-checkbox filter-checkbox--v2"><input class="filter-checkbox__input js-filter-checkbox__input" type="checkbox" id="filterSeries_Scottish+Wildlife" data-value="Scottish+Wildlife" onclick="_gaq.push(['_trackEvent','filter-All+Scotch+Whiskies','click','Series-Scottish+Wildlife'])"> <label class="filter-checkbox__label filter-checkbox__label-checkbox" for="filterSeries_Scottish+Wildlife">Scottish Wildlife (1)</label></div><div class="filter-checkbox filter-checkbox--v2"><input class="filter-checkbox__input js-filter-checkbox__input" type="checkbox" id="filterSeries_Seasons" data-value="Seasons" onclick="_gaq.push(['_trackEvent','filter-All+Scotch+Whiskies','click','Series-Seasons'])"> <label class="filter-checkbox__label filter-checkbox__label-checkbox" for="filterSeries_Seasons">Seasons (6)</label></div><div class="filter-checkbox filter-checkbox--v2"><input class="filter-checkbox__input js-filter-checkbox__input" type="checkbox" id="filterSeries_Second+Edition" data-value="Second+Edition" onclick="_gaq.push(['_trackEvent','filter-All+Scotch+Whiskies','click','Series-Second+Edition'])"> <label class="filter-checkbox__label filter-checkbox__label-checkbox" for="filterSeries_Second+Edition">Second Edition (1)</label></div><div class="filter-checkbox filter-checkbox--v2"><input class="filter-checkbox__input js-filter-checkbox__input" type="checkbox" id="filterSeries_Secred+Speyside" data-value="Secred+Speyside" onclick="_gaq.push(['_trackEvent','filter-All+Scotch+Whiskies','click','Series-Secred+Speyside'])"> <label class="filter-checkbox__label filter-checkbox__label-checkbox" for="filterSeries_Secred+Speyside">Secred Speyside (1)</label></div><div class="filter-checkbox filter-checkbox--v2"><input class="filter-checkbox__input js-filter-checkbox__input" type="checkbox" id="filterSeries_Secret+Speyside" data-value="Secret+Speyside" onclick="_gaq.push(['_trackEvent','filter-All+Scotch+Whiskies','click','Series-Secret+Speyside'])"> <label class="filter-checkbox__label filter-checkbox__label-checkbox" for="filterSeries_Secret+Speyside">Secret Speyside (8)</label></div><div class="filter-checkbox filter-checkbox--v2"><input class="filter-checkbox__input js-filter-checkbox__input" type="checkbox" id="filterSeries_Secret+Stills" data-value="Secret+Stills" onclick="_gaq.push(['_trackEvent','filter-All+Scotch+Whiskies','click','Series-Secret+Stills'])"> <label class="filter-checkbox__label filter-checkbox__label-checkbox" for="filterSeries_Secret+Stills">Secret Stills (3)</label></div><div class="filter-checkbox filter-checkbox--v2"><input class="filter-checkbox__input js-filter-checkbox__input" type="checkbox" id="filterSeries_Select+Statement" data-value="Select+Statement" onclick="_gaq.push(['_trackEvent','filter-All+Scotch+Whiskies','click','Series-Select+Statement'])"> <label class="filter-checkbox__label filter-checkbox__label-checkbox" for="filterSeries_Select+Statement">Select Statement (1)</label></div><div class="filter-checkbox filter-checkbox--v2"><input class="filter-checkbox__input js-filter-checkbox__input" type="checkbox" id="filterSeries_Sherry+Oak+Collection" data-value="Sherry+Oak+Collection" onclick="_gaq.push(['_trackEvent','filter-All+Scotch+Whiskies','click','Series-Sherry+Oak+Collection'])"> <label class="filter-checkbox__label filter-checkbox__label-checkbox" for="filterSeries_Sherry+Oak+Collection">Sherry Oak Collection (3)</label></div><div class="filter-checkbox filter-checkbox--v2"><input class="filter-checkbox__input js-filter-checkbox__input" type="checkbox" id="filterSeries_Signatory+30th+Anniversary" data-value="Signatory+30th+Anniversary" onclick="_gaq.push(['_trackEvent','filter-All+Scotch+Whiskies','click','Series-Signatory+30th+Anniversary'])"> <label class="filter-checkbox__label filter-checkbox__label-checkbox" for="filterSeries_Signatory+30th+Anniversary">Signatory 30th Anniversary (3)</label></div><div class="filter-checkbox filter-checkbox--v2"><input class="filter-checkbox__input js-filter-checkbox__input" type="checkbox" id="filterSeries_Silent+Stills" data-value="Silent+Stills" onclick="_gaq.push(['_trackEvent','filter-All+Scotch+Whiskies','click','Series-Silent+Stills'])"> <label class="filter-checkbox__label filter-checkbox__label-checkbox" for="filterSeries_Silent+Stills">Silent Stills (7)</label></div><div class="filter-checkbox filter-checkbox--v2"><input class="filter-checkbox__input js-filter-checkbox__input" type="checkbox" id="filterSeries_Single+Cask+Collection" data-value="Single+Cask+Collection" onclick="_gaq.push(['_trackEvent','filter-All+Scotch+Whiskies','click','Series-Single+Cask+Collection'])"> <label class="filter-checkbox__label filter-checkbox__label-checkbox" for="filterSeries_Single+Cask+Collection">Single Cask Collection (1)</label></div><div class="filter-checkbox filter-checkbox--v2"><input class="filter-checkbox__input js-filter-checkbox__input" type="checkbox" id="filterSeries_Single+Malts+of+Scotland" data-value="Single+Malts+of+Scotland" onclick="_gaq.push(['_trackEvent','filter-All+Scotch+Whiskies','click','Series-Single+Malts+of+Scotland'])"> <label class="filter-checkbox__label filter-checkbox__label-checkbox" for="filterSeries_Single+Malts+of+Scotland">Single Malts of Scotland (17)</label></div><div class="filter-checkbox filter-checkbox--v2"><input class="filter-checkbox__input js-filter-checkbox__input" type="checkbox" id="filterSeries_SMWS" data-value="SMWS" onclick="_gaq.push(['_trackEvent','filter-All+Scotch+Whiskies','click','Series-SMWS'])"> <label class="filter-checkbox__label filter-checkbox__label-checkbox" for="filterSeries_SMWS">SMWS (32)</label></div><div class="filter-checkbox filter-checkbox--v2"><input class="filter-checkbox__input js-filter-checkbox__input" type="checkbox" id="filterSeries_Sovereign" data-value="Sovereign" onclick="_gaq.push(['_trackEvent','filter-All+Scotch+Whiskies','click','Series-Sovereign'])"> <label class="filter-checkbox__label filter-checkbox__label-checkbox" for="filterSeries_Sovereign">Sovereign (2)</label></div><div class="filter-checkbox filter-checkbox--v2"><input class="filter-checkbox__input js-filter-checkbox__input" type="checkbox" id="filterSeries_Speymalt" data-value="Speymalt" onclick="_gaq.push(['_trackEvent','filter-All+Scotch+Whiskies','click','Series-Speymalt'])"> <label class="filter-checkbox__label filter-checkbox__label-checkbox" for="filterSeries_Speymalt">Speymalt (1)</label></div><div class="filter-checkbox filter-checkbox--v2"><input class="filter-checkbox__input js-filter-checkbox__input" type="checkbox" id="filterSeries_Speyside+Series+001" data-value="Speyside+Series+001" onclick="_gaq.push(['_trackEvent','filter-All+Scotch+Whiskies','click','Series-Speyside+Series+001'])"> <label class="filter-checkbox__label filter-checkbox__label-checkbox" for="filterSeries_Speyside+Series+001">Speyside Series 001 (1)</label></div><div class="filter-checkbox filter-checkbox--v2"><input class="filter-checkbox__input js-filter-checkbox__input" type="checkbox" id="filterSeries_Spirit+of+Scotland" data-value="Spirit+of+Scotland" onclick="_gaq.push(['_trackEvent','filter-All+Scotch+Whiskies','click','Series-Spirit+of+Scotland'])"> <label class="filter-checkbox__label filter-checkbox__label-checkbox" for="filterSeries_Spirit+of+Scotland">Spirit of Scotland (2)</label></div><div class="filter-checkbox filter-checkbox--v2"><input class="filter-checkbox__input js-filter-checkbox__input" type="checkbox" id="filterSeries_Statement" data-value="Statement" onclick="_gaq.push(['_trackEvent','filter-All+Scotch+Whiskies','click','Series-Statement'])"> <label class="filter-checkbox__label filter-checkbox__label-checkbox" for="filterSeries_Statement">Statement (2)</label></div><div class="filter-checkbox filter-checkbox--v2"><input class="filter-checkbox__input js-filter-checkbox__input" type="checkbox" id="filterSeries_Stillman%27s+Dram" data-value="Stillman%27s+Dram" onclick="_gaq.push(['_trackEvent','filter-All+Scotch+Whiskies','click','Series-Stillman%27s+Dram'])"> <label class="filter-checkbox__label filter-checkbox__label-checkbox" for="filterSeries_Stillman%27s+Dram">Stillman's Dram (10)</label></div><div class="filter-checkbox filter-checkbox--v2"><input class="filter-checkbox__input js-filter-checkbox__input" type="checkbox" id="filterSeries_Stillman%27s+Reserve" data-value="Stillman%27s+Reserve" onclick="_gaq.push(['_trackEvent','filter-All+Scotch+Whiskies','click','Series-Stillman%27s+Reserve'])"> <label class="filter-checkbox__label filter-checkbox__label-checkbox" for="filterSeries_Stillman%27s+Reserve">Stillman's Reserve (1)</label></div><div class="filter-checkbox filter-checkbox--v2"><input class="filter-checkbox__input js-filter-checkbox__input" type="checkbox" id="filterSeries_Stories" data-value="Stories" onclick="_gaq.push(['_trackEvent','filter-All+Scotch+Whiskies','click','Series-Stories'])"> <label class="filter-checkbox__label filter-checkbox__label-checkbox" for="filterSeries_Stories">Stories (7)</label></div><div class="filter-checkbox filter-checkbox--v2"><input class="filter-checkbox__input js-filter-checkbox__input" type="checkbox" id="filterSeries_Strictly+Limited" data-value="Strictly+Limited" onclick="_gaq.push(['_trackEvent','filter-All+Scotch+Whiskies','click','Series-Strictly+Limited'])"> <label class="filter-checkbox__label filter-checkbox__label-checkbox" for="filterSeries_Strictly+Limited">Strictly Limited (6)</label></div><div class="filter-checkbox filter-checkbox--v2"><input class="filter-checkbox__input js-filter-checkbox__input" type="checkbox" id="filterSeries_The+Birds" data-value="The+Birds" onclick="_gaq.push(['_trackEvent','filter-All+Scotch+Whiskies','click','Series-The+Birds'])"> <label class="filter-checkbox__label filter-checkbox__label-checkbox" for="filterSeries_The+Birds">The Birds (1)</label></div><div class="filter-checkbox filter-checkbox--v2"><input class="filter-checkbox__input js-filter-checkbox__input" type="checkbox" id="filterSeries_The+Black+Series" data-value="The+Black+Series" onclick="_gaq.push(['_trackEvent','filter-All+Scotch+Whiskies','click','Series-The+Black+Series'])"> <label class="filter-checkbox__label filter-checkbox__label-checkbox" for="filterSeries_The+Black+Series">The Black Series (1)</label></div><div class="filter-checkbox filter-checkbox--v2"><input class="filter-checkbox__input js-filter-checkbox__input" type="checkbox" id="filterSeries_The+Cask+Collaboration" data-value="The+Cask+Collaboration" onclick="_gaq.push(['_trackEvent','filter-All+Scotch+Whiskies','click','Series-The+Cask+Collaboration'])"> <label class="filter-checkbox__label filter-checkbox__label-checkbox" for="filterSeries_The+Cask+Collaboration">The Cask Collaboration (2)</label></div><div class="filter-checkbox filter-checkbox--v2"><input class="filter-checkbox__input js-filter-checkbox__input" type="checkbox" id="filterSeries_The+Classic+Range" data-value="The+Classic+Range" onclick="_gaq.push(['_trackEvent','filter-All+Scotch+Whiskies','click','Series-The+Classic+Range'])"> <label class="filter-checkbox__label filter-checkbox__label-checkbox" for="filterSeries_The+Classic+Range">The Classic Range (1)</label></div><div class="filter-checkbox filter-checkbox--v2"><input class="filter-checkbox__input js-filter-checkbox__input" type="checkbox" id="filterSeries_The+Costumes" data-value="The+Costumes" onclick="_gaq.push(['_trackEvent','filter-All+Scotch+Whiskies','click','Series-The+Costumes'])"> <label class="filter-checkbox__label filter-checkbox__label-checkbox" for="filterSeries_The+Costumes">The Costumes (2)</label></div><div class="filter-checkbox filter-checkbox--v2"><input class="filter-checkbox__input js-filter-checkbox__input" type="checkbox" id="filterSeries_The+Decanter+Collection" data-value="The+Decanter+Collection" onclick="_gaq.push(['_trackEvent','filter-All+Scotch+Whiskies','click','Series-The+Decanter+Collection'])"> <label class="filter-checkbox__label filter-checkbox__label-checkbox" for="filterSeries_The+Decanter+Collection">The Decanter Collection (2)</label></div><div class="filter-checkbox filter-checkbox--v2"><input class="filter-checkbox__input js-filter-checkbox__input" type="checkbox" id="filterSeries_The+Dragon" data-value="The+Dragon" onclick="_gaq.push(['_trackEvent','filter-All+Scotch+Whiskies','click','Series-The+Dragon'])"> <label class="filter-checkbox__label filter-checkbox__label-checkbox" for="filterSeries_The+Dragon">The Dragon (3)</label></div><div class="filter-checkbox filter-checkbox--v2"><input class="filter-checkbox__input js-filter-checkbox__input" type="checkbox" id="filterSeries_The+Family+Casks" data-value="The+Family+Casks" onclick="_gaq.push(['_trackEvent','filter-All+Scotch+Whiskies','click','Series-The+Family+Casks'])"> <label class="filter-checkbox__label filter-checkbox__label-checkbox" for="filterSeries_The+Family+Casks">The Family Casks (24)</label></div><div class="filter-checkbox filter-checkbox--v2"><input class="filter-checkbox__input js-filter-checkbox__input" type="checkbox" id="filterSeries_The+Game+of+Thrones+Collection" data-value="The+Game+of+Thrones+Collection" onclick="_gaq.push(['_trackEvent','filter-All+Scotch+Whiskies','click','Series-The+Game+of+Thrones+Collection'])"> <label class="filter-checkbox__label filter-checkbox__label-checkbox" for="filterSeries_The+Game+of+Thrones+Collection">The Game of Thrones Collection (3)</label></div><div class="filter-checkbox filter-checkbox--v2"><input class="filter-checkbox__input js-filter-checkbox__input" type="checkbox" id="filterSeries_The+Historic+Reserve" data-value="The+Historic+Reserve" onclick="_gaq.push(['_trackEvent','filter-All+Scotch+Whiskies','click','Series-The+Historic+Reserve'])"> <label class="filter-checkbox__label filter-checkbox__label-checkbox" for="filterSeries_The+Historic+Reserve">The Historic Reserve (2)</label></div><div class="filter-checkbox filter-checkbox--v2"><input class="filter-checkbox__input js-filter-checkbox__input" type="checkbox" id="filterSeries_The+Ian+Hunter+Story" data-value="The+Ian+Hunter+Story" onclick="_gaq.push(['_trackEvent','filter-All+Scotch+Whiskies','click','Series-The+Ian+Hunter+Story'])"> <label class="filter-checkbox__label filter-checkbox__label-checkbox" for="filterSeries_The+Ian+Hunter+Story">The Ian Hunter Story (1)</label></div><div class="filter-checkbox filter-checkbox--v2"><input class="filter-checkbox__input js-filter-checkbox__input" type="checkbox" id="filterSeries_The+Kinship" data-value="The+Kinship" onclick="_gaq.push(['_trackEvent','filter-All+Scotch+Whiskies','click','Series-The+Kinship'])"> <label class="filter-checkbox__label filter-checkbox__label-checkbox" for="filterSeries_The+Kinship">The Kinship (16)</label></div><div class="filter-checkbox filter-checkbox--v2"><input class="filter-checkbox__input js-filter-checkbox__input" type="checkbox" id="filterSeries_The+Merchant%27s+Collection" data-value="The+Merchant%27s+Collection" onclick="_gaq.push(['_trackEvent','filter-All+Scotch+Whiskies','click','Series-The+Merchant%27s+Collection'])"> <label class="filter-checkbox__label filter-checkbox__label-checkbox" for="filterSeries_The+Merchant%27s+Collection">The Merchant's Collection (1)</label></div><div class="filter-checkbox filter-checkbox--v2"><input class="filter-checkbox__input js-filter-checkbox__input" type="checkbox" id="filterSeries_The+Nectar+Of+The+Daily+Drams" data-value="The+Nectar+Of+The+Daily+Drams" onclick="_gaq.push(['_trackEvent','filter-All+Scotch+Whiskies','click','Series-The+Nectar+Of+The+Daily+Drams'])"> <label class="filter-checkbox__label filter-checkbox__label-checkbox" for="filterSeries_The+Nectar+Of+The+Daily+Drams">The Nectar Of The Daily Drams (1)</label></div><div class="filter-checkbox filter-checkbox--v2"><input class="filter-checkbox__input js-filter-checkbox__input" type="checkbox" id="filterSeries_The+Nectar+Sharing+Passion" data-value="The+Nectar+Sharing+Passion" onclick="_gaq.push(['_trackEvent','filter-All+Scotch+Whiskies','click','Series-The+Nectar+Sharing+Passion'])"> <label class="filter-checkbox__label filter-checkbox__label-checkbox" for="filterSeries_The+Nectar+Sharing+Passion">The Nectar Sharing Passion (2)</label></div><div class="filter-checkbox filter-checkbox--v2"><input class="filter-checkbox__input js-filter-checkbox__input" type="checkbox" id="filterSeries_The+Octave" data-value="The+Octave" onclick="_gaq.push(['_trackEvent','filter-All+Scotch+Whiskies','click','Series-The+Octave'])"> <label class="filter-checkbox__label filter-checkbox__label-checkbox" for="filterSeries_The+Octave">The Octave (4)</label></div><div class="filter-checkbox filter-checkbox--v2"><input class="filter-checkbox__input js-filter-checkbox__input" type="checkbox" id="filterSeries_The+People" data-value="The+People" onclick="_gaq.push(['_trackEvent','filter-All+Scotch+Whiskies','click','Series-The+People'])"> <label class="filter-checkbox__label filter-checkbox__label-checkbox" for="filterSeries_The+People">The People (1)</label></div><div class="filter-checkbox filter-checkbox--v2"><input class="filter-checkbox__input js-filter-checkbox__input" type="checkbox" id="filterSeries_The+Red+Collection" data-value="The+Red+Collection" onclick="_gaq.push(['_trackEvent','filter-All+Scotch+Whiskies','click','Series-The+Red+Collection'])"> <label class="filter-checkbox__label filter-checkbox__label-checkbox" for="filterSeries_The+Red+Collection">The Red Collection (3)</label></div><div class="filter-checkbox filter-checkbox--v2"><input class="filter-checkbox__input js-filter-checkbox__input" type="checkbox" id="filterSeries_The+Sample+Room+Collection" data-value="The+Sample+Room+Collection" onclick="_gaq.push(['_trackEvent','filter-All+Scotch+Whiskies','click','Series-The+Sample+Room+Collection'])"> <label class="filter-checkbox__label filter-checkbox__label-checkbox" for="filterSeries_The+Sample+Room+Collection">The Sample Room Collection (1)</label></div><div class="filter-checkbox filter-checkbox--v2"><input class="filter-checkbox__input js-filter-checkbox__input" type="checkbox" id="filterSeries_The+Spectator+180th+Anniversary" data-value="The+Spectator+180th+Anniversary" onclick="_gaq.push(['_trackEvent','filter-All+Scotch+Whiskies','click','Series-The+Spectator+180th+Anniversary'])"> <label class="filter-checkbox__label filter-checkbox__label-checkbox" for="filterSeries_The+Spectator+180th+Anniversary">The Spectator 180th Anniversary (1)</label></div><div class="filter-checkbox filter-checkbox--v2"><input class="filter-checkbox__input js-filter-checkbox__input" type="checkbox" id="filterSeries_The+Stillman%27s+Dram" data-value="The+Stillman%27s+Dram" onclick="_gaq.push(['_trackEvent','filter-All+Scotch+Whiskies','click','Series-The+Stillman%27s+Dram'])"> <label class="filter-checkbox__label filter-checkbox__label-checkbox" for="filterSeries_The+Stillman%27s+Dram">The Stillman's Dram (2)</label></div><div class="filter-checkbox filter-checkbox--v2"><input class="filter-checkbox__input js-filter-checkbox__input" type="checkbox" id="filterSeries_The+Vanguards+Collection" data-value="The+Vanguards+Collection" onclick="_gaq.push(['_trackEvent','filter-All+Scotch+Whiskies','click','Series-The+Vanguards+Collection'])"> <label class="filter-checkbox__label filter-checkbox__label-checkbox" for="filterSeries_The+Vanguards+Collection">The Vanguards Collection (1)</label></div><div class="filter-checkbox filter-checkbox--v2"><input class="filter-checkbox__input js-filter-checkbox__input" type="checkbox" id="filterSeries_The+Whisky+Show+Magic" data-value="The+Whisky+Show+Magic" onclick="_gaq.push(['_trackEvent','filter-All+Scotch+Whiskies','click','Series-The+Whisky+Show+Magic'])"> <label class="filter-checkbox__label filter-checkbox__label-checkbox" for="filterSeries_The+Whisky+Show+Magic">The Whisky Show Magic (1)</label></div><div class="filter-checkbox filter-checkbox--v2"><input class="filter-checkbox__input js-filter-checkbox__input" type="checkbox" id="filterSeries_The+Wood+Collection" data-value="The+Wood+Collection" onclick="_gaq.push(['_trackEvent','filter-All+Scotch+Whiskies','click','Series-The+Wood+Collection'])"> <label class="filter-checkbox__label filter-checkbox__label-checkbox" for="filterSeries_The+Wood+Collection">The Wood Collection (1)</label></div><div class="filter-checkbox filter-checkbox--v2"><input class="filter-checkbox__input js-filter-checkbox__input" type="checkbox" id="filterSeries_The+Young+Rebels+Collection" data-value="The+Young+Rebels+Collection" onclick="_gaq.push(['_trackEvent','filter-All+Scotch+Whiskies','click','Series-The+Young+Rebels+Collection'])"> <label class="filter-checkbox__label filter-checkbox__label-checkbox" for="filterSeries_The+Young+Rebels+Collection">The Young Rebels Collection (1)</label></div><div class="filter-checkbox filter-checkbox--v2"><input class="filter-checkbox__input js-filter-checkbox__input" type="checkbox" id="filterSeries_Tide" data-value="Tide" onclick="_gaq.push(['_trackEvent','filter-All+Scotch+Whiskies','click','Series-Tide'])"> <label class="filter-checkbox__label filter-checkbox__label-checkbox" for="filterSeries_Tide">Tide (1)</label></div><div class="filter-checkbox filter-checkbox--v2"><input class="filter-checkbox__input js-filter-checkbox__input" type="checkbox" id="filterSeries_Time+Series" data-value="Time+Series" onclick="_gaq.push(['_trackEvent','filter-All+Scotch+Whiskies','click','Series-Time+Series'])"> <label class="filter-checkbox__label filter-checkbox__label-checkbox" for="filterSeries_Time+Series">Time Series (2)</label></div><div class="filter-checkbox filter-checkbox--v2"><input class="filter-checkbox__input js-filter-checkbox__input" type="checkbox" id="filterSeries_Timeless" data-value="Timeless" onclick="_gaq.push(['_trackEvent','filter-All+Scotch+Whiskies','click','Series-Timeless'])"> <label class="filter-checkbox__label filter-checkbox__label-checkbox" for="filterSeries_Timeless">Timeless (2)</label></div><div class="filter-checkbox filter-checkbox--v2"><input class="filter-checkbox__input js-filter-checkbox__input" type="checkbox" id="filterSeries_Travel+Exclusive" data-value="Travel+Exclusive" onclick="_gaq.push(['_trackEvent','filter-All+Scotch+Whiskies','click','Series-Travel+Exclusive'])"> <label class="filter-checkbox__label filter-checkbox__label-checkbox" for="filterSeries_Travel+Exclusive">Travel Exclusive (1)</label></div><div class="filter-checkbox filter-checkbox--v2"><input class="filter-checkbox__input js-filter-checkbox__input" type="checkbox" id="filterSeries_True+Music+Icons" data-value="True+Music+Icons" onclick="_gaq.push(['_trackEvent','filter-All+Scotch+Whiskies','click','Series-True+Music+Icons'])"> <label class="filter-checkbox__label filter-checkbox__label-checkbox" for="filterSeries_True+Music+Icons">True Music Icons (1)</label></div><div class="filter-checkbox filter-checkbox--v2"><input class="filter-checkbox__input js-filter-checkbox__input" type="checkbox" id="filterSeries_UK+Exclusive" data-value="UK+Exclusive" onclick="_gaq.push(['_trackEvent','filter-All+Scotch+Whiskies','click','Series-UK+Exclusive'])"> <label class="filter-checkbox__label filter-checkbox__label-checkbox" for="filterSeries_UK+Exclusive">UK Exclusive (1)</label></div><div class="filter-checkbox filter-checkbox--v2"><input class="filter-checkbox__input js-filter-checkbox__input" type="checkbox" id="filterSeries_Un-Chillfiltered+Collection" data-value="Un-Chillfiltered+Collection" onclick="_gaq.push(['_trackEvent','filter-All+Scotch+Whiskies','click','Series-Un-Chillfiltered+Collection'])"> <label class="filter-checkbox__label filter-checkbox__label-checkbox" for="filterSeries_Un-Chillfiltered+Collection">Un-Chillfiltered Collection (15)</label></div><div class="filter-checkbox filter-checkbox--v2"><input class="filter-checkbox__input js-filter-checkbox__input" type="checkbox" id="filterSeries_Valhalla+Collection" data-value="Valhalla+Collection" onclick="_gaq.push(['_trackEvent','filter-All+Scotch+Whiskies','click','Series-Valhalla+Collection'])"> <label class="filter-checkbox__label filter-checkbox__label-checkbox" for="filterSeries_Valhalla+Collection">Valhalla Collection (1)</label></div><div class="filter-checkbox filter-checkbox--v2"><input class="filter-checkbox__input js-filter-checkbox__input" type="checkbox" id="filterSeries_Vintage+Cask" data-value="Vintage+Cask" onclick="_gaq.push(['_trackEvent','filter-All+Scotch+Whiskies','click','Series-Vintage+Cask'])"> <label class="filter-checkbox__label filter-checkbox__label-checkbox" for="filterSeries_Vintage+Cask">Vintage Cask (1)</label></div><div class="filter-checkbox filter-checkbox--v2"><input class="filter-checkbox__input js-filter-checkbox__input" type="checkbox" id="filterSeries_Vintage+Casks" data-value="Vintage+Casks" onclick="_gaq.push(['_trackEvent','filter-All+Scotch+Whiskies','click','Series-Vintage+Casks'])"> <label class="filter-checkbox__label filter-checkbox__label-checkbox" for="filterSeries_Vintage+Casks">Vintage Casks (6)</label></div><div class="filter-checkbox filter-checkbox--v2"><input class="filter-checkbox__input js-filter-checkbox__input" type="checkbox" id="filterSeries_Vintner%27s+Trilogy" data-value="Vintner%27s+Trilogy" onclick="_gaq.push(['_trackEvent','filter-All+Scotch+Whiskies','click','Series-Vintner%27s+Trilogy'])"> <label class="filter-checkbox__label filter-checkbox__label-checkbox" for="filterSeries_Vintner%27s+Trilogy">Vintner's Trilogy (2)</label></div><div class="filter-checkbox filter-checkbox--v2"><input class="filter-checkbox__input js-filter-checkbox__input" type="checkbox" id="filterSeries_Virgin+Oak" data-value="Virgin+Oak" onclick="_gaq.push(['_trackEvent','filter-All+Scotch+Whiskies','click','Series-Virgin+Oak'])"> <label class="filter-checkbox__label filter-checkbox__label-checkbox" for="filterSeries_Virgin+Oak">Virgin Oak (3)</label></div><div class="filter-checkbox filter-checkbox--v2"><input class="filter-checkbox__input js-filter-checkbox__input" type="checkbox" id="filterSeries_Warehouse+1" data-value="Warehouse+1" onclick="_gaq.push(['_trackEvent','filter-All+Scotch+Whiskies','click','Series-Warehouse+1'])"> <label class="filter-checkbox__label filter-checkbox__label-checkbox" for="filterSeries_Warehouse+1">Warehouse 1 (3)</label></div><div class="filter-checkbox filter-checkbox--v2"><input class="filter-checkbox__input js-filter-checkbox__input" type="checkbox" id="filterSeries_Warrior+Series" data-value="Warrior+Series" onclick="_gaq.push(['_trackEvent','filter-All+Scotch+Whiskies','click','Series-Warrior+Series'])"> <label class="filter-checkbox__label filter-checkbox__label-checkbox" for="filterSeries_Warrior+Series">Warrior Series (2)</label></div><div class="filter-checkbox filter-checkbox--v2"><input class="filter-checkbox__input js-filter-checkbox__input" type="checkbox" id="filterSeries_Whisky+is+Classical+Collection" data-value="Whisky+is+Classical+Collection" onclick="_gaq.push(['_trackEvent','filter-All+Scotch+Whiskies','click','Series-Whisky+is+Classical+Collection'])"> <label class="filter-checkbox__label filter-checkbox__label-checkbox" for="filterSeries_Whisky+is+Classical+Collection">Whisky is Classical Collection (1)</label></div><div class="filter-checkbox filter-checkbox--v2"><input class="filter-checkbox__input js-filter-checkbox__input" type="checkbox" id="filterSeries_Whisky+Show+2021" data-value="Whisky+Show+2021" onclick="_gaq.push(['_trackEvent','filter-All+Scotch+Whiskies','click','Series-Whisky+Show+2021'])"> <label class="filter-checkbox__label filter-checkbox__label-checkbox" for="filterSeries_Whisky+Show+2021">Whisky Show 2021 (2)</label></div><div class="filter-checkbox filter-checkbox--v2"><input class="filter-checkbox__input js-filter-checkbox__input" type="checkbox" id="filterSeries_Whisky+Show+2024+Bottlings" data-value="Whisky+Show+2024+Bottlings" onclick="_gaq.push(['_trackEvent','filter-All+Scotch+Whiskies','click','Series-Whisky+Show+2024+Bottlings'])"> <label class="filter-checkbox__label filter-checkbox__label-checkbox" for="filterSeries_Whisky+Show+2024+Bottlings">Whisky Show 2024 Bottlings (9)</label></div><div class="filter-checkbox filter-checkbox--v2"><input class="filter-checkbox__input js-filter-checkbox__input" type="checkbox" id="filterSeries_Whisky+Sponge" data-value="Whisky+Sponge" onclick="_gaq.push(['_trackEvent','filter-All+Scotch+Whiskies','click','Series-Whisky+Sponge'])"> <label class="filter-checkbox__label filter-checkbox__label-checkbox" for="filterSeries_Whisky+Sponge">Whisky Sponge (14)</label></div><div class="filter-checkbox filter-checkbox--v2"><input class="filter-checkbox__input js-filter-checkbox__input" type="checkbox" id="filterSeries_Whisky+Trail" data-value="Whisky+Trail" onclick="_gaq.push(['_trackEvent','filter-All+Scotch+Whiskies','click','Series-Whisky+Trail'])"> <label class="filter-checkbox__label filter-checkbox__label-checkbox" for="filterSeries_Whisky+Trail">Whisky Trail (1)</label></div><div class="filter-checkbox filter-checkbox--v2"><input class="filter-checkbox__input js-filter-checkbox__input" type="checkbox" id="filterSeries_Wine" data-value="Wine" onclick="_gaq.push(['_trackEvent','filter-All+Scotch+Whiskies','click','Series-Wine'])"> <label class="filter-checkbox__label filter-checkbox__label-checkbox" for="filterSeries_Wine">Wine (3)</label></div><div class="filter-checkbox filter-checkbox--v2"><input class="filter-checkbox__input js-filter-checkbox__input" type="checkbox" id="filterSeries_Wine+Cask" data-value="Wine+Cask" onclick="_gaq.push(['_trackEvent','filter-All+Scotch+Whiskies','click','Series-Wine+Cask'])"> <label class="filter-checkbox__label filter-checkbox__label-checkbox" for="filterSeries_Wine+Cask">Wine Cask (3)</label></div><div class="filter-checkbox filter-checkbox--v2"><input class="filter-checkbox__input js-filter-checkbox__input" type="checkbox" id="filterSeries_Xmas+Edition" data-value="Xmas+Edition" onclick="_gaq.push(['_trackEvent','filter-All+Scotch+Whiskies','click','Series-Xmas+Edition'])"> <label class="filter-checkbox__label filter-checkbox__label-checkbox" for="filterSeries_Xmas+Edition">Xmas Edition (1)</label></div><div class="filter-checkbox filter-checkbox--v2"><input class="filter-checkbox__input js-filter-checkbox__input" type="checkbox" id="filterSeries_Xpedition+Oak" data-value="Xpedition+Oak" onclick="_gaq.push(['_trackEvent','filter-All+Scotch+Whiskies','click','Series-Xpedition+Oak'])"> <label class="filter-checkbox__label filter-checkbox__label-checkbox" for="filterSeries_Xpedition+Oak">Xpedition Oak (1)</label></div><div class="filter-checkbox filter-checkbox--v2"><input class="filter-checkbox__input js-filter-checkbox__input" type="checkbox" id="filterSeries_Xtra+Old+Particular" data-value="Xtra+Old+Particular" onclick="_gaq.push(['_trackEvent','filter-All+Scotch+Whiskies','click','Series-Xtra+Old+Particular'])"> <label class="filter-checkbox__label filter-checkbox__label-checkbox" for="filterSeries_Xtra+Old+Particular">Xtra Old Particular (13)</label></div><div class="filter-checkbox filter-checkbox--v2"><input class="filter-checkbox__input js-filter-checkbox__input" type="checkbox" id="filterSeries_Young+Masters+Edition" data-value="Young+Masters+Edition" onclick="_gaq.push(['_trackEvent','filter-All+Scotch+Whiskies','click','Series-Young+Masters+Edition'])"> <label class="filter-checkbox__label filter-checkbox__label-checkbox" for="filterSeries_Young+Masters+Edition">Young Masters Edition (1)</label></div></div></details><details class="filter-accordion"><summary class="filter-accordion__title">Strength <i class="far fa-chevron-down filter-accordion__title-icon"></i> <i class="far fa-chevron-up filter-accordion__title-icon"></i></summary><div id="filterStrength" class="filter-accordion__list js-filter-accordion__list" data-filtertype="multiselect" data-filtername="Strength"><div class="filter-checkbox filter-checkbox--v2"><input class="filter-checkbox__input js-filter-checkbox__input" type="checkbox" id="filterStrength_Less+than+43%25" data-value="Less+than+43%25" onclick="_gaq.push(['_trackEvent','filter-All+Scotch+Whiskies','click','Strength-Less+than+43%25'])"> <label class="filter-checkbox__label filter-checkbox__label-checkbox" for="filterStrength_Less+than+43%25">Less than 43% (1099)</label></div><div class="filter-checkbox filter-checkbox--v2"><input class="filter-checkbox__input js-filter-checkbox__input" type="checkbox" id="filterStrength_43%25+to+46%25" data-value="43%25+to+46%25" onclick="_gaq.push(['_trackEvent','filter-All+Scotch+Whiskies','click','Strength-43%25+to+46%25'])"> <label class="filter-checkbox__label filter-checkbox__label-checkbox" for="filterStrength_43%25+to+46%25">43% to 46% (1644)</label></div><div class="filter-checkbox filter-checkbox--v2"><input class="filter-checkbox__input js-filter-checkbox__input" type="checkbox" id="filterStrength_Over+46%25" data-value="Over+46%25" onclick="_gaq.push(['_trackEvent','filter-All+Scotch+Whiskies','click','Strength-Over+46%25'])"> <label class="filter-checkbox__label filter-checkbox__label-checkbox" for="filterStrength_Over+46%25">Over 46% (1707)</label></div></div></details><details class="filter-accordion"><summary class="filter-accordion__title">Size <i class="far fa-chevron-down filter-accordion__title-icon"></i> <i class="far fa-chevron-up filter-accordion__title-icon"></i></summary><div id="filterSize" class="filter-accordion__list js-filter-accordion__list" data-filtertype="multiselect" data-filtername="Size"><div class="filter-checkbox filter-checkbox--v2"><input class="filter-checkbox__input js-filter-checkbox__input" type="checkbox" id="filterSize_Small+Bottles" data-value="Small+Bottles" onclick="_gaq.push(['_trackEvent','filter-All+Scotch+Whiskies','click','Size-Small+Bottles'])"> <label class="filter-checkbox__label filter-checkbox__label-checkbox" for="filterSize_Small+Bottles">Small Bottles (25)</label></div><div class="filter-checkbox filter-checkbox--v2"><input class="filter-checkbox__input js-filter-checkbox__input" type="checkbox" id="filterSize_Standard+Bottles" data-value="Standard+Bottles" onclick="_gaq.push(['_trackEvent','filter-All+Scotch+Whiskies','click','Size-Standard+Bottles'])"> <label class="filter-checkbox__label filter-checkbox__label-checkbox" for="filterSize_Standard+Bottles">Standard Bottles (4251)</label></div><div class="filter-checkbox filter-checkbox--v2"><input class="filter-checkbox__input js-filter-checkbox__input" type="checkbox" id="filterSize_Large+Bottles" data-value="Large+Bottles" onclick="_gaq.push(['_trackEvent','filter-All+Scotch+Whiskies','click','Size-Large+Bottles'])"> <label class="filter-checkbox__label filter-checkbox__label-checkbox" for="filterSize_Large+Bottles">Large Bottles (174)</label></div></div></details><details class="filter-accordion"><summary class="filter-accordion__title">Plato <i class="far fa-chevron-down filter-accordion__title-icon"></i> <i class="far fa-chevron-up filter-accordion__title-icon"></i></summary><div id="filterPlato" class="filter-accordion__list js-filter-accordion__list" data-filtertype="multiselect" data-filtername="Plato"><div class="filter-checkbox filter-checkbox--v2"><input class="filter-checkbox__input js-filter-checkbox__input" type="checkbox" id="filterPlato_420" data-value="420" onclick="_gaq.push(['_trackEvent','filter-All+Scotch+Whiskies','click','Plato-420'])"> <label class="filter-checkbox__label filter-checkbox__label-checkbox" for="filterPlato_420">420 (1)</label></div></div></details><details class="filter-accordion"><summary class="filter-accordion__title">Certification <i class="far fa-chevron-down filter-accordion__title-icon"></i> <i class="far fa-chevron-up filter-accordion__title-icon"></i></summary><div id="filterCertification" class="filter-accordion__list js-filter-accordion__list" data-filtertype="multiselect" data-filtername="Certification"><div class="filter-checkbox filter-checkbox--v2"><input class="filter-checkbox__input js-filter-checkbox__input" type="checkbox" id="filterCertification_Carbon+Neutral" data-value="Carbon+Neutral" onclick="_gaq.push(['_trackEvent','filter-All+Scotch+Whiskies','click','Certification-Carbon+Neutral'])"> <label class="filter-checkbox__label filter-checkbox__label-checkbox" for="filterCertification_Carbon+Neutral">Carbon Neutral (3)</label></div><div class="filter-checkbox filter-checkbox--v2"><input class="filter-checkbox__input js-filter-checkbox__input" type="checkbox" id="filterCertification_Certified+B-Corp" data-value="Certified+B-Corp" onclick="_gaq.push(['_trackEvent','filter-All+Scotch+Whiskies','click','Certification-Certified+B-Corp'])"> <label class="filter-checkbox__label filter-checkbox__label-checkbox" for="filterCertification_Certified+B-Corp">Certified B-Corp (11)</label></div><div class="filter-checkbox filter-checkbox--v2"><input class="filter-checkbox__input js-filter-checkbox__input" type="checkbox" id="filterCertification_Certified+Organic" data-value="Certified+Organic" onclick="_gaq.push(['_trackEvent','filter-All+Scotch+Whiskies','click','Certification-Certified+Organic'])"> <label class="filter-checkbox__label filter-checkbox__label-checkbox" for="filterCertification_Certified+Organic">Certified Organic (5)</label></div><div class="filter-checkbox filter-checkbox--v2"><input class="filter-checkbox__input js-filter-checkbox__input" type="checkbox" id="filterCertification_Certified+Vegan" data-value="Certified+Vegan" onclick="_gaq.push(['_trackEvent','filter-All+Scotch+Whiskies','click','Certification-Certified+Vegan'])"> <label class="filter-checkbox__label filter-checkbox__label-checkbox" for="filterCertification_Certified+Vegan">Certified Vegan (1)</label></div><div class="filter-checkbox filter-checkbox--v2"><input class="filter-checkbox__input js-filter-checkbox__input" type="checkbox" id="filterCertification_Net+Zero" data-value="Net+Zero" onclick="_gaq.push(['_trackEvent','filter-All+Scotch+Whiskies','click','Certification-Net+Zero'])"> <label class="filter-checkbox__label filter-checkbox__label-checkbox" for="filterCertification_Net+Zero">Net Zero (2)</label></div><div class="filter-checkbox filter-checkbox--v2"><input class="filter-checkbox__input js-filter-checkbox__input" type="checkbox" id="filterCertification_Vegan" data-value="Vegan" onclick="_gaq.push(['_trackEvent','filter-All+Scotch+Whiskies','click','Certification-Vegan'])"> <label class="filter-checkbox__label filter-checkbox__label-checkbox" for="filterCertification_Vegan">Vegan (25)</label></div></div></details><details class="filter-accordion"><summary class="filter-accordion__title">Sustainability <i class="far fa-chevron-down filter-accordion__title-icon"></i> <i class="far fa-chevron-up filter-accordion__title-icon"></i></summary><div id="filterSustainability" class="filter-accordion__list js-filter-accordion__list" data-filtertype="multiselect" data-filtername="Sustainability"><div class="filter-checkbox filter-checkbox--v2"><input class="filter-checkbox__input js-filter-checkbox__input" type="checkbox" id="filterSustainability_Socially+Conscious" data-value="Socially+Conscious" onclick="_gaq.push(['_trackEvent','filter-All+Scotch+Whiskies','click','Sustainability-Socially+Conscious'])"> <label class="filter-checkbox__label filter-checkbox__label-checkbox" for="filterSustainability_Socially+Conscious">Socially Conscious (4)</label></div><div class="filter-checkbox filter-checkbox--v2"><input class="filter-checkbox__input js-filter-checkbox__input" type="checkbox" id="filterSustainability_Sustainably+Produced" data-value="Sustainably+Produced" onclick="_gaq.push(['_trackEvent','filter-All+Scotch+Whiskies','click','Sustainability-Sustainably+Produced'])"> <label class="filter-checkbox__label filter-checkbox__label-checkbox" for="filterSustainability_Sustainably+Produced">Sustainably Produced (20)</label></div><div class="filter-checkbox filter-checkbox--v2"><input class="filter-checkbox__input js-filter-checkbox__input" type="checkbox" id="filterSustainability_Sustainably+Sourced" data-value="Sustainably+Sourced" onclick="_gaq.push(['_trackEvent','filter-All+Scotch+Whiskies','click','Sustainability-Sustainably+Sourced'])"> <label class="filter-checkbox__label filter-checkbox__label-checkbox" for="filterSustainability_Sustainably+Sourced">Sustainably Sourced (6)</label></div></div></details><details class="filter-accordion"><summary class="filter-accordion__title">Limited Edition <i class="far fa-chevron-down filter-accordion__title-icon"></i> <i class="far fa-chevron-up filter-accordion__title-icon"></i></summary><div id="filterLimitedEdition" class="filter-accordion__list js-filter-accordion__list" data-filtertype="multiselect" data-filtername="LimitedEdition"><div class="filter-checkbox filter-checkbox--v2"><input class="filter-checkbox__input js-filter-checkbox__input" type="checkbox" id="filterLimitedEdition_Yes" data-value="Yes" onclick="_gaq.push(['_trackEvent','filter-All+Scotch+Whiskies','click','LimitedEdition-Yes'])"> <label class="filter-checkbox__label filter-checkbox__label-checkbox" for="filterLimitedEdition_Yes">Yes (184)</label></div></div></details><details class="filter-accordion"><summary class="filter-accordion__title">Food Pairing <i class="far fa-chevron-down filter-accordion__title-icon"></i> <i class="far fa-chevron-up filter-accordion__title-icon"></i></summary><div id="filterFoodPairing" class="filter-accordion__list js-filter-accordion__list" data-filtertype="multiselect" data-filtername="FoodPairing"><div class="filter-checkbox filter-checkbox--v2"><input class="filter-checkbox__input js-filter-checkbox__input" type="checkbox" id="filterFoodPairing_Anchovies" data-value="Anchovies" onclick="_gaq.push(['_trackEvent','filter-All+Scotch+Whiskies','click','FoodPairing-Anchovies'])"> <label class="filter-checkbox__label filter-checkbox__label-checkbox" for="filterFoodPairing_Anchovies">Anchovies (1)</label></div><div class="filter-checkbox filter-checkbox--v2"><input class="filter-checkbox__input js-filter-checkbox__input" type="checkbox" id="filterFoodPairing_Asparagus" data-value="Asparagus" onclick="_gaq.push(['_trackEvent','filter-All+Scotch+Whiskies','click','FoodPairing-Asparagus'])"> <label class="filter-checkbox__label filter-checkbox__label-checkbox" for="filterFoodPairing_Asparagus">Asparagus (1)</label></div><div class="filter-checkbox filter-checkbox--v2"><input class="filter-checkbox__input js-filter-checkbox__input" type="checkbox" id="filterFoodPairing_Banoffee+Pie" data-value="Banoffee+Pie" onclick="_gaq.push(['_trackEvent','filter-All+Scotch+Whiskies','click','FoodPairing-Banoffee+Pie'])"> <label class="filter-checkbox__label filter-checkbox__label-checkbox" for="filterFoodPairing_Banoffee+Pie">Banoffee Pie (4)</label></div><div class="filter-checkbox filter-checkbox--v2"><input class="filter-checkbox__input js-filter-checkbox__input" type="checkbox" id="filterFoodPairing_Bbq+Ribs" data-value="Bbq+Ribs" onclick="_gaq.push(['_trackEvent','filter-All+Scotch+Whiskies','click','FoodPairing-Bbq+Ribs'])"> <label class="filter-checkbox__label filter-checkbox__label-checkbox" for="filterFoodPairing_Bbq+Ribs">Bbq Ribs (4)</label></div><div class="filter-checkbox filter-checkbox--v2"><input class="filter-checkbox__input js-filter-checkbox__input" type="checkbox" id="filterFoodPairing_Beef+Wellington" data-value="Beef+Wellington" onclick="_gaq.push(['_trackEvent','filter-All+Scotch+Whiskies','click','FoodPairing-Beef+Wellington'])"> <label class="filter-checkbox__label filter-checkbox__label-checkbox" for="filterFoodPairing_Beef+Wellington">Beef Wellington (1)</label></div><div class="filter-checkbox filter-checkbox--v2"><input class="filter-checkbox__input js-filter-checkbox__input" type="checkbox" id="filterFoodPairing_Blue+Cheese" data-value="Blue+Cheese" onclick="_gaq.push(['_trackEvent','filter-All+Scotch+Whiskies','click','FoodPairing-Blue+Cheese'])"> <label class="filter-checkbox__label filter-checkbox__label-checkbox" for="filterFoodPairing_Blue+Cheese">Blue Cheese (8)</label></div><div class="filter-checkbox filter-checkbox--v2"><input class="filter-checkbox__input js-filter-checkbox__input" type="checkbox" id="filterFoodPairing_Burgers" data-value="Burgers" onclick="_gaq.push(['_trackEvent','filter-All+Scotch+Whiskies','click','FoodPairing-Burgers'])"> <label class="filter-checkbox__label filter-checkbox__label-checkbox" for="filterFoodPairing_Burgers">Burgers (1)</label></div><div class="filter-checkbox filter-checkbox--v2"><input class="filter-checkbox__input js-filter-checkbox__input" type="checkbox" id="filterFoodPairing_Cerviche" data-value="Cerviche" onclick="_gaq.push(['_trackEvent','filter-All+Scotch+Whiskies','click','FoodPairing-Cerviche'])"> <label class="filter-checkbox__label filter-checkbox__label-checkbox" for="filterFoodPairing_Cerviche">Cerviche (5)</label></div><div class="filter-checkbox filter-checkbox--v2"><input class="filter-checkbox__input js-filter-checkbox__input" type="checkbox" id="filterFoodPairing_Cheesecake" data-value="Cheesecake" onclick="_gaq.push(['_trackEvent','filter-All+Scotch+Whiskies','click','FoodPairing-Cheesecake'])"> <label class="filter-checkbox__label filter-checkbox__label-checkbox" for="filterFoodPairing_Cheesecake">Cheesecake (3)</label></div><div class="filter-checkbox filter-checkbox--v2"><input class="filter-checkbox__input js-filter-checkbox__input" type="checkbox" id="filterFoodPairing_Cherry+Pie" data-value="Cherry+Pie" onclick="_gaq.push(['_trackEvent','filter-All+Scotch+Whiskies','click','FoodPairing-Cherry+Pie'])"> <label class="filter-checkbox__label filter-checkbox__label-checkbox" for="filterFoodPairing_Cherry+Pie">Cherry Pie (2)</label></div><div class="filter-checkbox filter-checkbox--v2"><input class="filter-checkbox__input js-filter-checkbox__input" type="checkbox" id="filterFoodPairing_Chicken" data-value="Chicken" onclick="_gaq.push(['_trackEvent','filter-All+Scotch+Whiskies','click','FoodPairing-Chicken'])"> <label class="filter-checkbox__label filter-checkbox__label-checkbox" for="filterFoodPairing_Chicken">Chicken (3)</label></div><div class="filter-checkbox filter-checkbox--v2"><input class="filter-checkbox__input js-filter-checkbox__input" type="checkbox" id="filterFoodPairing_Chicken+Satay" data-value="Chicken+Satay" onclick="_gaq.push(['_trackEvent','filter-All+Scotch+Whiskies','click','FoodPairing-Chicken+Satay'])"> <label class="filter-checkbox__label filter-checkbox__label-checkbox" for="filterFoodPairing_Chicken+Satay">Chicken Satay (5)</label></div><div class="filter-checkbox filter-checkbox--v2"><input class="filter-checkbox__input js-filter-checkbox__input" type="checkbox" id="filterFoodPairing_Chinese" data-value="Chinese" onclick="_gaq.push(['_trackEvent','filter-All+Scotch+Whiskies','click','FoodPairing-Chinese'])"> <label class="filter-checkbox__label filter-checkbox__label-checkbox" for="filterFoodPairing_Chinese">Chinese (7)</label></div><div class="filter-checkbox filter-checkbox--v2"><input class="filter-checkbox__input js-filter-checkbox__input" type="checkbox" id="filterFoodPairing_Chocolate+Fondant" data-value="Chocolate+Fondant" onclick="_gaq.push(['_trackEvent','filter-All+Scotch+Whiskies','click','FoodPairing-Chocolate+Fondant'])"> <label class="filter-checkbox__label filter-checkbox__label-checkbox" for="filterFoodPairing_Chocolate+Fondant">Chocolate Fondant (4)</label></div><div class="filter-checkbox filter-checkbox--v2"><input class="filter-checkbox__input js-filter-checkbox__input" type="checkbox" id="filterFoodPairing_Chorizo" data-value="Chorizo" onclick="_gaq.push(['_trackEvent','filter-All+Scotch+Whiskies','click','FoodPairing-Chorizo'])"> <label class="filter-checkbox__label filter-checkbox__label-checkbox" for="filterFoodPairing_Chorizo">Chorizo (2)</label></div><div class="filter-checkbox filter-checkbox--v2"><input class="filter-checkbox__input js-filter-checkbox__input" type="checkbox" id="filterFoodPairing_Christmas+Cake" data-value="Christmas+Cake" onclick="_gaq.push(['_trackEvent','filter-All+Scotch+Whiskies','click','FoodPairing-Christmas+Cake'])"> <label class="filter-checkbox__label filter-checkbox__label-checkbox" for="filterFoodPairing_Christmas+Cake">Christmas Cake (8)</label></div><div class="filter-checkbox filter-checkbox--v2"><input class="filter-checkbox__input js-filter-checkbox__input" type="checkbox" id="filterFoodPairing_Clafoutis" data-value="Clafoutis" onclick="_gaq.push(['_trackEvent','filter-All+Scotch+Whiskies','click','FoodPairing-Clafoutis'])"> <label class="filter-checkbox__label filter-checkbox__label-checkbox" for="filterFoodPairing_Clafoutis">Clafoutis (4)</label></div><div class="filter-checkbox filter-checkbox--v2"><input class="filter-checkbox__input js-filter-checkbox__input" type="checkbox" id="filterFoodPairing_Crab" data-value="Crab" onclick="_gaq.push(['_trackEvent','filter-All+Scotch+Whiskies','click','FoodPairing-Crab'])"> <label class="filter-checkbox__label filter-checkbox__label-checkbox" for="filterFoodPairing_Crab">Crab (3)</label></div><div class="filter-checkbox filter-checkbox--v2"><input class="filter-checkbox__input js-filter-checkbox__input" type="checkbox" id="filterFoodPairing_Cr%c3%a8me+Brulee" data-value="Cr%c3%a8me+Brulee" onclick="_gaq.push(['_trackEvent','filter-All+Scotch+Whiskies','click','FoodPairing-Cr%c3%a8me+Brulee'])"> <label class="filter-checkbox__label filter-checkbox__label-checkbox" for="filterFoodPairing_Cr%c3%a8me+Brulee">Crème Brulee (3)</label></div><div class="filter-checkbox filter-checkbox--v2"><input class="filter-checkbox__input js-filter-checkbox__input" type="checkbox" id="filterFoodPairing_Cured+Meat" data-value="Cured+Meat" onclick="_gaq.push(['_trackEvent','filter-All+Scotch+Whiskies','click','FoodPairing-Cured+Meat'])"> <label class="filter-checkbox__label filter-checkbox__label-checkbox" for="filterFoodPairing_Cured+Meat">Cured Meat (6)</label></div><div class="filter-checkbox filter-checkbox--v2"><input class="filter-checkbox__input js-filter-checkbox__input" type="checkbox" id="filterFoodPairing_Daal" data-value="Daal" onclick="_gaq.push(['_trackEvent','filter-All+Scotch+Whiskies','click','FoodPairing-Daal'])"> <label class="filter-checkbox__label filter-checkbox__label-checkbox" for="filterFoodPairing_Daal">Daal (3)</label></div><div class="filter-checkbox filter-checkbox--v2"><input class="filter-checkbox__input js-filter-checkbox__input" type="checkbox" id="filterFoodPairing_Dim+Sum" data-value="Dim+Sum" onclick="_gaq.push(['_trackEvent','filter-All+Scotch+Whiskies','click','FoodPairing-Dim+Sum'])"> <label class="filter-checkbox__label filter-checkbox__label-checkbox" for="filterFoodPairing_Dim+Sum">Dim Sum (9)</label></div><div class="filter-checkbox filter-checkbox--v2"><input class="filter-checkbox__input js-filter-checkbox__input" type="checkbox" id="filterFoodPairing_Donuts" data-value="Donuts" onclick="_gaq.push(['_trackEvent','filter-All+Scotch+Whiskies','click','FoodPairing-Donuts'])"> <label class="filter-checkbox__label filter-checkbox__label-checkbox" for="filterFoodPairing_Donuts">Donuts (2)</label></div><div class="filter-checkbox filter-checkbox--v2"><input class="filter-checkbox__input js-filter-checkbox__input" type="checkbox" id="filterFoodPairing_Duck" data-value="Duck" onclick="_gaq.push(['_trackEvent','filter-All+Scotch+Whiskies','click','FoodPairing-Duck'])"> <label class="filter-checkbox__label filter-checkbox__label-checkbox" for="filterFoodPairing_Duck">Duck (4)</label></div><div class="filter-checkbox filter-checkbox--v2"><input class="filter-checkbox__input js-filter-checkbox__input" type="checkbox" id="filterFoodPairing_Fish+And+Chips" data-value="Fish+And+Chips" onclick="_gaq.push(['_trackEvent','filter-All+Scotch+Whiskies','click','FoodPairing-Fish+And+Chips'])"> <label class="filter-checkbox__label filter-checkbox__label-checkbox" for="filterFoodPairing_Fish+And+Chips">Fish And Chips (4)</label></div><div class="filter-checkbox filter-checkbox--v2"><input class="filter-checkbox__input js-filter-checkbox__input" type="checkbox" id="filterFoodPairing_Fondue" data-value="Fondue" onclick="_gaq.push(['_trackEvent','filter-All+Scotch+Whiskies','click','FoodPairing-Fondue'])"> <label class="filter-checkbox__label filter-checkbox__label-checkbox" for="filterFoodPairing_Fondue">Fondue (8)</label></div><div class="filter-checkbox filter-checkbox--v2"><input class="filter-checkbox__input js-filter-checkbox__input" type="checkbox" id="filterFoodPairing_Fried+Chicken" data-value="Fried+Chicken" onclick="_gaq.push(['_trackEvent','filter-All+Scotch+Whiskies','click','FoodPairing-Fried+Chicken'])"> <label class="filter-checkbox__label filter-checkbox__label-checkbox" for="filterFoodPairing_Fried+Chicken">Fried Chicken (3)</label></div><div class="filter-checkbox filter-checkbox--v2"><input class="filter-checkbox__input js-filter-checkbox__input" type="checkbox" id="filterFoodPairing_Fruit+Salad" data-value="Fruit+Salad" onclick="_gaq.push(['_trackEvent','filter-All+Scotch+Whiskies','click','FoodPairing-Fruit+Salad'])"> <label class="filter-checkbox__label filter-checkbox__label-checkbox" for="filterFoodPairing_Fruit+Salad">Fruit Salad (2)</label></div><div class="filter-checkbox filter-checkbox--v2"><input class="filter-checkbox__input js-filter-checkbox__input" type="checkbox" id="filterFoodPairing_Goats+Cheese" data-value="Goats+Cheese" onclick="_gaq.push(['_trackEvent','filter-All+Scotch+Whiskies','click','FoodPairing-Goats+Cheese'])"> <label class="filter-checkbox__label filter-checkbox__label-checkbox" for="filterFoodPairing_Goats+Cheese">Goats Cheese (4)</label></div><div class="filter-checkbox filter-checkbox--v2"><input class="filter-checkbox__input js-filter-checkbox__input" type="checkbox" id="filterFoodPairing_Grouse" data-value="Grouse" onclick="_gaq.push(['_trackEvent','filter-All+Scotch+Whiskies','click','FoodPairing-Grouse'])"> <label class="filter-checkbox__label filter-checkbox__label-checkbox" for="filterFoodPairing_Grouse">Grouse (1)</label></div><div class="filter-checkbox filter-checkbox--v2"><input class="filter-checkbox__input js-filter-checkbox__input" type="checkbox" id="filterFoodPairing_Hard+Cheese" data-value="Hard+Cheese" onclick="_gaq.push(['_trackEvent','filter-All+Scotch+Whiskies','click','FoodPairing-Hard+Cheese'])"> <label class="filter-checkbox__label filter-checkbox__label-checkbox" for="filterFoodPairing_Hard+Cheese">Hard Cheese (4)</label></div><div class="filter-checkbox filter-checkbox--v2"><input class="filter-checkbox__input js-filter-checkbox__input" type="checkbox" id="filterFoodPairing_Indian+Curry" data-value="Indian+Curry" onclick="_gaq.push(['_trackEvent','filter-All+Scotch+Whiskies','click','FoodPairing-Indian+Curry'])"> <label class="filter-checkbox__label filter-checkbox__label-checkbox" for="filterFoodPairing_Indian+Curry">Indian Curry (3)</label></div><div class="filter-checkbox filter-checkbox--v2"><input class="filter-checkbox__input js-filter-checkbox__input" type="checkbox" id="filterFoodPairing_Jerk+Chicken" data-value="Jerk+Chicken" onclick="_gaq.push(['_trackEvent','filter-All+Scotch+Whiskies','click','FoodPairing-Jerk+Chicken'])"> <label class="filter-checkbox__label filter-checkbox__label-checkbox" for="filterFoodPairing_Jerk+Chicken">Jerk Chicken (1)</label></div><div class="filter-checkbox filter-checkbox--v2"><input class="filter-checkbox__input js-filter-checkbox__input" type="checkbox" id="filterFoodPairing_Lamb" data-value="Lamb" onclick="_gaq.push(['_trackEvent','filter-All+Scotch+Whiskies','click','FoodPairing-Lamb'])"> <label class="filter-checkbox__label filter-checkbox__label-checkbox" for="filterFoodPairing_Lamb">Lamb (1)</label></div><div class="filter-checkbox filter-checkbox--v2"><input class="filter-checkbox__input js-filter-checkbox__input" type="checkbox" id="filterFoodPairing_Lemon+Tart" data-value="Lemon+Tart" onclick="_gaq.push(['_trackEvent','filter-All+Scotch+Whiskies','click','FoodPairing-Lemon+Tart'])"> <label class="filter-checkbox__label filter-checkbox__label-checkbox" for="filterFoodPairing_Lemon+Tart">Lemon Tart (2)</label></div><div class="filter-checkbox filter-checkbox--v2"><input class="filter-checkbox__input js-filter-checkbox__input" type="checkbox" id="filterFoodPairing_Lobster" data-value="Lobster" onclick="_gaq.push(['_trackEvent','filter-All+Scotch+Whiskies','click','FoodPairing-Lobster'])"> <label class="filter-checkbox__label filter-checkbox__label-checkbox" for="filterFoodPairing_Lobster">Lobster (5)</label></div><div class="filter-checkbox filter-checkbox--v2"><input class="filter-checkbox__input js-filter-checkbox__input" type="checkbox" id="filterFoodPairing_Mexican" data-value="Mexican" onclick="_gaq.push(['_trackEvent','filter-All+Scotch+Whiskies','click','FoodPairing-Mexican'])"> <label class="filter-checkbox__label filter-checkbox__label-checkbox" for="filterFoodPairing_Mexican">Mexican (3)</label></div><div class="filter-checkbox filter-checkbox--v2"><input class="filter-checkbox__input js-filter-checkbox__input" type="checkbox" id="filterFoodPairing_Monkfish" data-value="Monkfish" onclick="_gaq.push(['_trackEvent','filter-All+Scotch+Whiskies','click','FoodPairing-Monkfish'])"> <label class="filter-checkbox__label filter-checkbox__label-checkbox" for="filterFoodPairing_Monkfish">Monkfish (6)</label></div><div class="filter-checkbox filter-checkbox--v2"><input class="filter-checkbox__input js-filter-checkbox__input" type="checkbox" id="filterFoodPairing_Mushroom+Cream+Sauce" data-value="Mushroom+Cream+Sauce" onclick="_gaq.push(['_trackEvent','filter-All+Scotch+Whiskies','click','FoodPairing-Mushroom+Cream+Sauce'])"> <label class="filter-checkbox__label filter-checkbox__label-checkbox" for="filterFoodPairing_Mushroom+Cream+Sauce">Mushroom Cream Sauce (2)</label></div><div class="filter-checkbox filter-checkbox--v2"><input class="filter-checkbox__input js-filter-checkbox__input" type="checkbox" id="filterFoodPairing_Octopus" data-value="Octopus" onclick="_gaq.push(['_trackEvent','filter-All+Scotch+Whiskies','click','FoodPairing-Octopus'])"> <label class="filter-checkbox__label filter-checkbox__label-checkbox" for="filterFoodPairing_Octopus">Octopus (12)</label></div><div class="filter-checkbox filter-checkbox--v2"><input class="filter-checkbox__input js-filter-checkbox__input" type="checkbox" id="filterFoodPairing_Oysters" data-value="Oysters" onclick="_gaq.push(['_trackEvent','filter-All+Scotch+Whiskies','click','FoodPairing-Oysters'])"> <label class="filter-checkbox__label filter-checkbox__label-checkbox" for="filterFoodPairing_Oysters">Oysters (6)</label></div><div class="filter-checkbox filter-checkbox--v2"><input class="filter-checkbox__input js-filter-checkbox__input" type="checkbox" id="filterFoodPairing_Pad+Thai" data-value="Pad+Thai" onclick="_gaq.push(['_trackEvent','filter-All+Scotch+Whiskies','click','FoodPairing-Pad+Thai'])"> <label class="filter-checkbox__label filter-checkbox__label-checkbox" for="filterFoodPairing_Pad+Thai">Pad Thai (1)</label></div><div class="filter-checkbox filter-checkbox--v2"><input class="filter-checkbox__input js-filter-checkbox__input" type="checkbox" id="filterFoodPairing_Paella" data-value="Paella" onclick="_gaq.push(['_trackEvent','filter-All+Scotch+Whiskies','click','FoodPairing-Paella'])"> <label class="filter-checkbox__label filter-checkbox__label-checkbox" for="filterFoodPairing_Paella">Paella (2)</label></div><div class="filter-checkbox filter-checkbox--v2"><input class="filter-checkbox__input js-filter-checkbox__input" type="checkbox" id="filterFoodPairing_Parmesan+Cheese" data-value="Parmesan+Cheese" onclick="_gaq.push(['_trackEvent','filter-All+Scotch+Whiskies','click','FoodPairing-Parmesan+Cheese'])"> <label class="filter-checkbox__label filter-checkbox__label-checkbox" for="filterFoodPairing_Parmesan+Cheese">Parmesan Cheese (2)</label></div><div class="filter-checkbox filter-checkbox--v2"><input class="filter-checkbox__input js-filter-checkbox__input" type="checkbox" id="filterFoodPairing_Partridge" data-value="Partridge" onclick="_gaq.push(['_trackEvent','filter-All+Scotch+Whiskies','click','FoodPairing-Partridge'])"> <label class="filter-checkbox__label filter-checkbox__label-checkbox" for="filterFoodPairing_Partridge">Partridge (6)</label></div><div class="filter-checkbox filter-checkbox--v2"><input class="filter-checkbox__input js-filter-checkbox__input" type="checkbox" id="filterFoodPairing_P%c3%a2t%c3%a9" data-value="P%c3%a2t%c3%a9" onclick="_gaq.push(['_trackEvent','filter-All+Scotch+Whiskies','click','FoodPairing-P%c3%a2t%c3%a9'])"> <label class="filter-checkbox__label filter-checkbox__label-checkbox" for="filterFoodPairing_P%c3%a2t%c3%a9">Pâté (3)</label></div><div class="filter-checkbox filter-checkbox--v2"><input class="filter-checkbox__input js-filter-checkbox__input" type="checkbox" id="filterFoodPairing_Pavlova" data-value="Pavlova" onclick="_gaq.push(['_trackEvent','filter-All+Scotch+Whiskies','click','FoodPairing-Pavlova'])"> <label class="filter-checkbox__label filter-checkbox__label-checkbox" for="filterFoodPairing_Pavlova">Pavlova (2)</label></div><div class="filter-checkbox filter-checkbox--v2"><input class="filter-checkbox__input js-filter-checkbox__input" type="checkbox" id="filterFoodPairing_Pecan+Pie" data-value="Pecan+Pie" onclick="_gaq.push(['_trackEvent','filter-All+Scotch+Whiskies','click','FoodPairing-Pecan+Pie'])"> <label class="filter-checkbox__label filter-checkbox__label-checkbox" for="filterFoodPairing_Pecan+Pie">Pecan Pie (7)</label></div><div class="filter-checkbox filter-checkbox--v2"><input class="filter-checkbox__input js-filter-checkbox__input" type="checkbox" id="filterFoodPairing_Pheasant" data-value="Pheasant" onclick="_gaq.push(['_trackEvent','filter-All+Scotch+Whiskies','click','FoodPairing-Pheasant'])"> <label class="filter-checkbox__label filter-checkbox__label-checkbox" for="filterFoodPairing_Pheasant">Pheasant (3)</label></div><div class="filter-checkbox filter-checkbox--v2"><input class="filter-checkbox__input js-filter-checkbox__input" type="checkbox" id="filterFoodPairing_Pork+Belly" data-value="Pork+Belly" onclick="_gaq.push(['_trackEvent','filter-All+Scotch+Whiskies','click','FoodPairing-Pork+Belly'])"> <label class="filter-checkbox__label filter-checkbox__label-checkbox" for="filterFoodPairing_Pork+Belly">Pork Belly (1)</label></div><div class="filter-checkbox filter-checkbox--v2"><input class="filter-checkbox__input js-filter-checkbox__input" type="checkbox" id="filterFoodPairing_Quail" data-value="Quail" onclick="_gaq.push(['_trackEvent','filter-All+Scotch+Whiskies','click','FoodPairing-Quail'])"> <label class="filter-checkbox__label filter-checkbox__label-checkbox" for="filterFoodPairing_Quail">Quail (4)</label></div><div class="filter-checkbox filter-checkbox--v2"><input class="filter-checkbox__input js-filter-checkbox__input" type="checkbox" id="filterFoodPairing_Rabbit" data-value="Rabbit" onclick="_gaq.push(['_trackEvent','filter-All+Scotch+Whiskies','click','FoodPairing-Rabbit'])"> <label class="filter-checkbox__label filter-checkbox__label-checkbox" for="filterFoodPairing_Rabbit">Rabbit (2)</label></div><div class="filter-checkbox filter-checkbox--v2"><input class="filter-checkbox__input js-filter-checkbox__input" type="checkbox" id="filterFoodPairing_Ramen" data-value="Ramen" onclick="_gaq.push(['_trackEvent','filter-All+Scotch+Whiskies','click','FoodPairing-Ramen'])"> <label class="filter-checkbox__label filter-checkbox__label-checkbox" for="filterFoodPairing_Ramen">Ramen (4)</label></div><div class="filter-checkbox filter-checkbox--v2"><input class="filter-checkbox__input js-filter-checkbox__input" type="checkbox" id="filterFoodPairing_Raspberry+Souffle" data-value="Raspberry+Souffle" onclick="_gaq.push(['_trackEvent','filter-All+Scotch+Whiskies','click','FoodPairing-Raspberry+Souffle'])"> <label class="filter-checkbox__label filter-checkbox__label-checkbox" for="filterFoodPairing_Raspberry+Souffle">Raspberry Souffle (1)</label></div><div class="filter-checkbox filter-checkbox--v2"><input class="filter-checkbox__input js-filter-checkbox__input" type="checkbox" id="filterFoodPairing_Ravioli" data-value="Ravioli" onclick="_gaq.push(['_trackEvent','filter-All+Scotch+Whiskies','click','FoodPairing-Ravioli'])"> <label class="filter-checkbox__label filter-checkbox__label-checkbox" for="filterFoodPairing_Ravioli">Ravioli (1)</label></div><div class="filter-checkbox filter-checkbox--v2"><input class="filter-checkbox__input js-filter-checkbox__input" type="checkbox" id="filterFoodPairing_Red+Wine+Sauce" data-value="Red+Wine+Sauce" onclick="_gaq.push(['_trackEvent','filter-All+Scotch+Whiskies','click','FoodPairing-Red+Wine+Sauce'])"> <label class="filter-checkbox__label filter-checkbox__label-checkbox" for="filterFoodPairing_Red+Wine+Sauce">Red Wine Sauce (2)</label></div><div class="filter-checkbox filter-checkbox--v2"><input class="filter-checkbox__input js-filter-checkbox__input" type="checkbox" id="filterFoodPairing_Risotto" data-value="Risotto" onclick="_gaq.push(['_trackEvent','filter-All+Scotch+Whiskies','click','FoodPairing-Risotto'])"> <label class="filter-checkbox__label filter-checkbox__label-checkbox" for="filterFoodPairing_Risotto">Risotto (2)</label></div><div class="filter-checkbox filter-checkbox--v2"><input class="filter-checkbox__input js-filter-checkbox__input" type="checkbox" id="filterFoodPairing_Roasted+Aubergine" data-value="Roasted+Aubergine" onclick="_gaq.push(['_trackEvent','filter-All+Scotch+Whiskies','click','FoodPairing-Roasted+Aubergine'])"> <label class="filter-checkbox__label filter-checkbox__label-checkbox" for="filterFoodPairing_Roasted+Aubergine">Roasted Aubergine (3)</label></div><div class="filter-checkbox filter-checkbox--v2"><input class="filter-checkbox__input js-filter-checkbox__input" type="checkbox" id="filterFoodPairing_Roasted+Peppers" data-value="Roasted+Peppers" onclick="_gaq.push(['_trackEvent','filter-All+Scotch+Whiskies','click','FoodPairing-Roasted+Peppers'])"> <label class="filter-checkbox__label filter-checkbox__label-checkbox" for="filterFoodPairing_Roasted+Peppers">Roasted Peppers (1)</label></div><div class="filter-checkbox filter-checkbox--v2"><input class="filter-checkbox__input js-filter-checkbox__input" type="checkbox" id="filterFoodPairing_Salmon+Roasted" data-value="Salmon+Roasted" onclick="_gaq.push(['_trackEvent','filter-All+Scotch+Whiskies','click','FoodPairing-Salmon+Roasted'])"> <label class="filter-checkbox__label filter-checkbox__label-checkbox" for="filterFoodPairing_Salmon+Roasted">Salmon Roasted (3)</label></div><div class="filter-checkbox filter-checkbox--v2"><input class="filter-checkbox__input js-filter-checkbox__input" type="checkbox" id="filterFoodPairing_Salmon+Smoked" data-value="Salmon+Smoked" onclick="_gaq.push(['_trackEvent','filter-All+Scotch+Whiskies','click','FoodPairing-Salmon+Smoked'])"> <label class="filter-checkbox__label filter-checkbox__label-checkbox" for="filterFoodPairing_Salmon+Smoked">Salmon Smoked (1)</label></div><div class="filter-checkbox filter-checkbox--v2"><input class="filter-checkbox__input js-filter-checkbox__input" type="checkbox" id="filterFoodPairing_Sashimi" data-value="Sashimi" onclick="_gaq.push(['_trackEvent','filter-All+Scotch+Whiskies','click','FoodPairing-Sashimi'])"> <label class="filter-checkbox__label filter-checkbox__label-checkbox" for="filterFoodPairing_Sashimi">Sashimi (3)</label></div><div class="filter-checkbox filter-checkbox--v2"><input class="filter-checkbox__input js-filter-checkbox__input" type="checkbox" id="filterFoodPairing_Scallops" data-value="Scallops" onclick="_gaq.push(['_trackEvent','filter-All+Scotch+Whiskies','click','FoodPairing-Scallops'])"> <label class="filter-checkbox__label filter-checkbox__label-checkbox" for="filterFoodPairing_Scallops">Scallops (7)</label></div><div class="filter-checkbox filter-checkbox--v2"><input class="filter-checkbox__input js-filter-checkbox__input" type="checkbox" id="filterFoodPairing_Seabass" data-value="Seabass" onclick="_gaq.push(['_trackEvent','filter-All+Scotch+Whiskies','click','FoodPairing-Seabass'])"> <label class="filter-checkbox__label filter-checkbox__label-checkbox" for="filterFoodPairing_Seabass">Seabass (2)</label></div><div class="filter-checkbox filter-checkbox--v2"><input class="filter-checkbox__input js-filter-checkbox__input" type="checkbox" id="filterFoodPairing_Shellfish" data-value="Shellfish" onclick="_gaq.push(['_trackEvent','filter-All+Scotch+Whiskies','click','FoodPairing-Shellfish'])"> <label class="filter-checkbox__label filter-checkbox__label-checkbox" for="filterFoodPairing_Shellfish">Shellfish (1)</label></div><div class="filter-checkbox filter-checkbox--v2"><input class="filter-checkbox__input js-filter-checkbox__input" type="checkbox" id="filterFoodPairing_Smoked+Fish" data-value="Smoked+Fish" onclick="_gaq.push(['_trackEvent','filter-All+Scotch+Whiskies','click','FoodPairing-Smoked+Fish'])"> <label class="filter-checkbox__label filter-checkbox__label-checkbox" for="filterFoodPairing_Smoked+Fish">Smoked Fish (10)</label></div><div class="filter-checkbox filter-checkbox--v2"><input class="filter-checkbox__input js-filter-checkbox__input" type="checkbox" id="filterFoodPairing_Tart+Tatin" data-value="Tart+Tatin" onclick="_gaq.push(['_trackEvent','filter-All+Scotch+Whiskies','click','FoodPairing-Tart+Tatin'])"> <label class="filter-checkbox__label filter-checkbox__label-checkbox" for="filterFoodPairing_Tart+Tatin">Tart Tatin (4)</label></div><div class="filter-checkbox filter-checkbox--v2"><input class="filter-checkbox__input js-filter-checkbox__input" type="checkbox" id="filterFoodPairing_Thai+Noodles" data-value="Thai+Noodles" onclick="_gaq.push(['_trackEvent','filter-All+Scotch+Whiskies','click','FoodPairing-Thai+Noodles'])"> <label class="filter-checkbox__label filter-checkbox__label-checkbox" for="filterFoodPairing_Thai+Noodles">Thai Noodles (1)</label></div><div class="filter-checkbox filter-checkbox--v2"><input class="filter-checkbox__input js-filter-checkbox__input" type="checkbox" id="filterFoodPairing_Tiramisu" data-value="Tiramisu" onclick="_gaq.push(['_trackEvent','filter-All+Scotch+Whiskies','click','FoodPairing-Tiramisu'])"> <label class="filter-checkbox__label filter-checkbox__label-checkbox" for="filterFoodPairing_Tiramisu">Tiramisu (1)</label></div><div class="filter-checkbox filter-checkbox--v2"><input class="filter-checkbox__input js-filter-checkbox__input" type="checkbox" id="filterFoodPairing_Trifle" data-value="Trifle" onclick="_gaq.push(['_trackEvent','filter-All+Scotch+Whiskies','click','FoodPairing-Trifle'])"> <label class="filter-checkbox__label filter-checkbox__label-checkbox" for="filterFoodPairing_Trifle">Trifle (2)</label></div><div class="filter-checkbox filter-checkbox--v2"><input class="filter-checkbox__input js-filter-checkbox__input" type="checkbox" id="filterFoodPairing_Turkey" data-value="Turkey" onclick="_gaq.push(['_trackEvent','filter-All+Scotch+Whiskies','click','FoodPairing-Turkey'])"> <label class="filter-checkbox__label filter-checkbox__label-checkbox" for="filterFoodPairing_Turkey">Turkey (5)</label></div><div class="filter-checkbox filter-checkbox--v2"><input class="filter-checkbox__input js-filter-checkbox__input" type="checkbox" id="filterFoodPairing_Vegetable+Tagine" data-value="Vegetable+Tagine" onclick="_gaq.push(['_trackEvent','filter-All+Scotch+Whiskies','click','FoodPairing-Vegetable+Tagine'])"> <label class="filter-checkbox__label filter-checkbox__label-checkbox" for="filterFoodPairing_Vegetable+Tagine">Vegetable Tagine (1)</label></div><div class="filter-checkbox filter-checkbox--v2"><input class="filter-checkbox__input js-filter-checkbox__input" type="checkbox" id="filterFoodPairing_Venison" data-value="Venison" onclick="_gaq.push(['_trackEvent','filter-All+Scotch+Whiskies','click','FoodPairing-Venison'])"> <label class="filter-checkbox__label filter-checkbox__label-checkbox" for="filterFoodPairing_Venison">Venison (4)</label></div><div class="filter-checkbox filter-checkbox--v2"><input class="filter-checkbox__input js-filter-checkbox__input" type="checkbox" id="filterFoodPairing_Wash+Rind+Cheese" data-value="Wash+Rind+Cheese" onclick="_gaq.push(['_trackEvent','filter-All+Scotch+Whiskies','click','FoodPairing-Wash+Rind+Cheese'])"> <label class="filter-checkbox__label filter-checkbox__label-checkbox" for="filterFoodPairing_Wash+Rind+Cheese">Wash Rind Cheese (2)</label></div><div class="filter-checkbox filter-checkbox--v2"><input class="filter-checkbox__input js-filter-checkbox__input" type="checkbox" id="filterFoodPairing_White+Bait" data-value="White+Bait" onclick="_gaq.push(['_trackEvent','filter-All+Scotch+Whiskies','click','FoodPairing-White+Bait'])"> <label class="filter-checkbox__label filter-checkbox__label-checkbox" for="filterFoodPairing_White+Bait">White Bait (3)</label></div></div></details><details class="filter-accordion"><summary class="filter-accordion__title">Colouring <i class="far fa-chevron-down filter-accordion__title-icon"></i> <i class="far fa-chevron-up filter-accordion__title-icon"></i></summary><div id="filterColouring" class="filter-accordion__list js-filter-accordion__list" data-filtertype="multiselect" data-filtername="Colouring"><div class="filter-checkbox filter-checkbox--v2"><input class="filter-checkbox__input js-filter-checkbox__input" type="checkbox" id="filterColouring_No" data-value="No" onclick="_gaq.push(['_trackEvent','filter-All+Scotch+Whiskies','click','Colouring-No'])"> <label class="filter-checkbox__label filter-checkbox__label-checkbox" for="filterColouring_No">No (1362)</label></div><div class="filter-checkbox filter-checkbox--v2"><input class="filter-checkbox__input js-filter-checkbox__input" type="checkbox" id="filterColouring_Yes" data-value="Yes" onclick="_gaq.push(['_trackEvent','filter-All+Scotch+Whiskies','click','Colouring-Yes'])"> <label class="filter-checkbox__label filter-checkbox__label-checkbox" for="filterColouring_Yes">Yes (1261)</label></div></div></details><div class="filter-toggle-switch"><input type="checkbox" class="filter-toggle-switch__input js-filter-toggle-switch__input" id="filterIsOnOffer" data-filtertype="toggleswitch" data-filtername="IsOnOffer" onclick="_gaq.push(['_trackEvent','filter-All+Scotch+Whiskies','click','IsOnOffer'])"> <label class="filter-toggle-switch__label" for="filterIsOnOffer"> On Offer (79) </label></div><div class="filter-toggle-switch"><input type="checkbox" class="filter-toggle-switch__input js-filter-toggle-switch__input" id="filterIncludeOutOfStock" data-filtertype="toggleswitch" data-filtername="IncludeOutOfStock" onclick="_gaq.push(['_trackEvent','filter-All+Scotch+Whiskies','click','IncludeOutOfStock'])"> <label class="filter-toggle-switch__label" for="filterIncludeOutOfStock"> Include out of stock products (344) </label></div><details class="filter-accordion"><summary class="filter-accordion__title">Flavour <i class="far fa-chevron-down filter-accordion__title-icon"></i> <i class="far fa-chevron-up filter-accordion__title-icon"></i></summary><div id="filterFlavour" class="filter-accordion__list js-filter-accordion__list" data-filtertype="multiselect" data-filtername="Flavour"><div class="filter-checkbox filter-checkbox--v2"><input class="filter-checkbox__input js-filter-checkbox__input" type="checkbox" id="filterFlavour_Chocolate" data-value="Chocolate" onclick="_gaq.push(['_trackEvent','filter-All+Scotch+Whiskies','click','Flavour-Chocolate'])"> <label class="filter-checkbox__label filter-checkbox__label-checkbox" for="filterFlavour_Chocolate">Chocolate (1)</label></div><div class="filter-checkbox filter-checkbox--v2"><input class="filter-checkbox__input js-filter-checkbox__input" type="checkbox" id="filterFlavour_Peat+and+Fruit" data-value="Peat+and+Fruit" onclick="_gaq.push(['_trackEvent','filter-All+Scotch+Whiskies','click','Flavour-Peat+and+Fruit'])"> <label class="filter-checkbox__label filter-checkbox__label-checkbox" for="filterFlavour_Peat+and+Fruit">Peat and Fruit (1)</label></div><div class="filter-checkbox filter-checkbox--v2"><input class="filter-checkbox__input js-filter-checkbox__input" type="checkbox" id="filterFlavour_Yes" data-value="Yes" onclick="_gaq.push(['_trackEvent','filter-All+Scotch+Whiskies','click','Flavour-Yes'])"> <label class="filter-checkbox__label filter-checkbox__label-checkbox" for="filterFlavour_Yes">Yes (1)</label></div></div></details></div><div class="filter-drawer__controls"><label class="filter-drawer__label">Page Size</label><div class="filter-drawer-buttons filter-buttons"><input class="filter-buttons__input js-filter-drawer-buttons__input" id="filtersPageSize24" name="filtersPageSize" type="radio" onclick="_gaq.push(['_trackEvent','filter-All Scotch Whiskies','click','PageSize-24'])" value="24" checked=""> <label class="filter-buttons__button" for="filtersPageSize24">24</label> <input class="filter-buttons__input js-filter-drawer-buttons__input" id="filtersPageSize60" name="filtersPageSize" type="radio" onclick="_gaq.push(['_trackEvent','filter-All Scotch Whiskies','click','PageSize-60'])" value="60"> <label class="filter-buttons__button" for="filtersPageSize60">60</label> <input class="filter-buttons__input js-filter-drawer-buttons__input" id="filtersPageSize120" name="filtersPageSize" type="radio" onclick="_gaq.push(['_trackEvent','filter-All Scotch Whiskies','click','PageSize-120'])" value="120"> <label class="filter-buttons__button" for="filtersPageSize120">120</label></div></div></div></div><footer class="filter-drawer__action"><button class="js-filter-drawer__button cta-button cta-button--alpha cta-button--regular cta-button--full-width" data-filteredproducts="4450" data-totalproducts="4885" data-categorytagstofilterby="" data-categoryidstofilterby="40,304,309,310" data-brandidstofilterby="" data-buylistidstofilterby="" data-searchtexttofilterby="" data-isonoffer="False" data-age="" data-vintage="" data-urlwheretodisplay="" data-excludecategorytags="" data-excludecategoryids="" data-excludebrandids="" data-excludebuylistids="" data-analyticstrackingcategory="All Scotch Whiskies">Show 4450 Products</button></footer></div></section><div class="filter-container__main"><section class="filter-bar js-filter-bar"><div class="filter-bar__section filter-bar__section--count"><p class="paging-count js-paging-count" data-firstpagedisplayed="2" data-lastpagedisplayed="2" data-totalpages="186" data-totalproducts="4885" data-filteredproducts="4450" data-pagesize="24">Showing <span class="paging-count__value js-paging-count__value--start">25</span> to <span class="paging-count__value js-paging-count__value--end">48</span> of <span class="paging-count__value js-paging-count__value--total">4450</span> products</p></div><div class="filter-bar__tags js-filter-bar__tags"></div><div class="filter-bar__section js-filter-bar__section--button-previous filter-bar__section--button-previous"><a class="paging__button paging__button--previous js-paging__button--loadprevious js-paging__button cta-button--bravo" href="/search/all/scotch-whisky?pg=1" title="Load Previous Products">Load Previous Products</a></div><div class="filter-bar__section filter-bar__section--button"><div class="filter-drawer-buttons filter-buttons"><input class="filter-buttons__input js-filter-drawer-buttons__input" id="filtersViewGrid" name="filtersView" type="radio" value="grid" checked=""> <label class="filter-buttons__button" for="filtersViewGrid" title="Grid"><i class="fas fa-th"></i></label> <input class="filter-buttons__input js-filter-drawer-buttons__input" id="filtersViewList" name="filtersView" type="radio" value="list"> <label class="filter-buttons__button" for="filtersViewList" title="List"><i class="fas fa-align-justify"></i></label></div><button class="filter-bar__button js-filter-bar__button cta-button cta-button--alpha cta-button--regular" title="Filter"><i class="fal fa-sliders-h"></i><span class="filter-bar__button-text js-filter-bar__button-text">Filter</span></button></div><div class="filter-drawer__filter-container"><select name="Sort By" id="sortingOrder" class="filter-drawer__filter js-filter-drawer__filter" title="Sort by"><option value="rdesc" selected="">Relevance</option><option value="ldesc">Latest (Newest - Oldest)</option><option value="lasc">Latest (Oldest - Newest)</option><option value="nasc">Name (A - Z)</option><option value="ndesc">Name (Z - A)</option><option value="pasc">Price (Low - High)</option><option value="pdesc">Price (High - Low)</option></select></div></section><section class="filter-products js-filter-products"><div class="product-grid"><ul class="product-grid__list"><li class="product-grid__item"><a href="/p/51202/arran-sherry-cask" class="product-card js-product-view js-product-click" title="Arran Sherry Cask" onclick="_gaq.push(['trackSelectItem','51202']);_gaq.push(['_trackEvent','All Scotch Whiskies-GridView','click','51202 : Arran Sherry Cask'])"><div class="product-card__image-container"><picture><source media="(max-width: 449.9px)" srcset="https://img.thewhiskyexchange.com/190/arrob.non71.jpg?v=202407241 1x, https://img.thewhiskyexchange.com/380/arrob.non71.jpg?v=202407241 2x"><source media="(min-width: 450px)" srcset="https://img.thewhiskyexchange.com/240/arrob.non71.jpg?v=202407241 1x, https://img.thewhiskyexchange.com/480/arrob.non71.jpg?v=202407241 2x"><img src="https://img.thewhiskyexchange.com/380/arrob.non71.jpg?v=202407241" alt="Arran Sherry Cask" class="product-card__image" loading="lazy" width="3" height="4"></picture><div class="product-extras product-extras--grid"><div class="product-extras-banner"><img class="product-extras-banner__image" src="/cdn-cgi/image/fit=scale-down,width=198,metadata=none,format=webp/media/rtwe/assets/application/images/widgets/engraving-sm.png" alt="Available with Engraving" loading="lazy" width="198" height="37"></div></div></div><div class="product-card__content"><p class="product-card__name js-product-name">Arran Sherry Cask</p><p class="product-card__meta">70cl / 55.8%</p></div><div class="product-card__data"><p class="product-card__price">£61.75</p><p class="product-card__unit-price">(£88.21 per litre)</p></div></a></li><li class="product-grid__item"><a href="/p/73481/glenmorangie-a-tale-of-tokyo" class="product-card js-product-view js-product-click" title="Glenmorangie A Tale of Tokyo" onclick="_gaq.push(['trackSelectItem','73481']);_gaq.push(['_trackEvent','All Scotch Whiskies-GridView','click','73481 : Glenmorangie A Tale of Tokyo'])"><div class="product-card__image-container"><picture><source media="(max-width: 449.9px)" srcset="https://img.thewhiskyexchange.com/190/gmgob.non64.jpg?v=202407241 1x, https://img.thewhiskyexchange.com/380/gmgob.non64.jpg?v=202407241 2x"><source media="(min-width: 450px)" srcset="https://img.thewhiskyexchange.com/240/gmgob.non64.jpg?v=202407241 1x, https://img.thewhiskyexchange.com/480/gmgob.non64.jpg?v=202407241 2x"><img src="https://img.thewhiskyexchange.com/380/gmgob.non64.jpg?v=202407241" alt="Glenmorangie A Tale of Tokyo" class="product-card__image" loading="lazy" width="3" height="4"></picture></div><div class="product-card__content"><p class="product-card__name js-product-name">Glenmorangie A Tale of Tokyo</p><p class="product-card__meta">70cl / 46%</p></div><div class="product-card__data"><p class="product-card__price">£73.95</p><p class="product-card__unit-price">(£105.64 per litre)</p></div></a></li><li class="product-grid__item"><a href="/p/50885/laphroaig-10-year-old-cask-strength-batch-011-bot2019" class="product-card js-product-view js-product-click" title=" Laphroaig 10 Year Old Cask Strength Batch 011 Bot.2019" onclick="_gaq.push(['trackSelectItem','50885']);_gaq.push(['_trackEvent','All Scotch Whiskies-GridView','click','50885 : Laphroaig 10 Year Old / Cask Strength / Batch 011 / Bot.2019'])"><div class="product-card__image-container"><picture><source media="(max-width: 449.9px)" srcset="https://img.thewhiskyexchange.com/190/lrgob.10yov64.jpg?v=202407241 1x, https://img.thewhiskyexchange.com/380/lrgob.10yov64.jpg?v=202407241 2x"><source media="(min-width: 450px)" srcset="https://img.thewhiskyexchange.com/240/lrgob.10yov64.jpg?v=202407241 1x, https://img.thewhiskyexchange.com/480/lrgob.10yov64.jpg?v=202407241 2x"><img src="https://img.thewhiskyexchange.com/380/lrgob.10yov64.jpg?v=202407241" alt="Laphroaig 10 Year Old Cask Strength Batch 011 Bot.2019" class="product-card__image" loading="lazy" width="3" height="4"></picture></div><div class="product-card__content"><p class="product-card__name js-product-name">Laphroaig 10 Year Old<span class="product-card__name-secondary">Cask Strength Batch 011 Bot.2019</span></p><p class="product-card__meta">70cl / 58.6%</p></div><div class="product-card__data"><p class="product-card__price">£135</p><p class="product-card__unit-price">(£192.86 per litre)</p></div></a></li><li class="product-grid__item"><a href="/p/1902/edradour-10-year-old" class="product-card js-product-view js-product-click" title="Edradour 10 Year Old" onclick="_gaq.push(['trackSelectItem','1902']);_gaq.push(['_trackEvent','All Scotch Whiskies-GridView','click','1902 : Edradour 10 Year Old'])"><div class="product-card__image-container"><picture><source media="(max-width: 449.9px)" srcset="https://img.thewhiskyexchange.com/190/edrob.10yov1.jpg?v=202407241 1x, https://img.thewhiskyexchange.com/380/edrob.10yov1.jpg?v=202407241 2x"><source media="(min-width: 450px)" srcset="https://img.thewhiskyexchange.com/240/edrob.10yov1.jpg?v=202407241 1x, https://img.thewhiskyexchange.com/480/edrob.10yov1.jpg?v=202407241 2x"><img src="https://img.thewhiskyexchange.com/380/edrob.10yov1.jpg?v=202407241" alt="Edradour 10 Year Old" class="product-card__image" loading="lazy" width="3" height="4"></picture></div><div class="product-card__content"><p class="product-card__name js-product-name">Edradour 10 Year Old</p><p class="product-card__meta">70cl / 43%</p></div><div class="product-card__data"><p class="product-card__price">£45.95</p><p class="product-card__unit-price">(£65.64 per litre)</p></div></a></li><li class="js-product-recommendations product-recommendations lazy-loading">
                <div class="product-recommendations__dropdown">
                    <span class="product-recommendations__dropdown-menu">
                        <img class="product-recommendations__icon" src="/media/rtwe/assets/application/images/icons/icon-vert-dots.svg" width="21" height="20" alt="Product recommendations menu">
                    </span>
                    <div class="product-recommendations__dropdown-content">
                        <button class="product-recommendations__dropdown-link js-product-recommendations__toggle-panel">
                            <img class="product-recommendations__icon product-recommendations__dropdown-icon js-product-recommendations__dropdown-icon" src="/media/rtwe/assets/application/images/icons/icon-visibility-hidden.svg" width="21" height="20" alt="Hide recommendations"> 
                            <span class="product-recommendations__dropdown-text js-product-recommendations__dropdown-text">Hide recommendations</span>
                        </button>
                    </div>
                </div>
            
                <div class="product-recommendations__content js-product-recommendations__content">
                    <h2 class="product-recommendations__content-heading">
                        <span class="product-recommendations__content-surtitle">The Whisky Exchange</span> Recommends
                    </h2>
                    <p class="product-recommendations__content-subtext">Spoilt for choice? We've got staff picks to suit every taste.</p> 
                </div>

                <div class="js-image-sliders glide product-recommendations__glide js-product-recommendations__glide image-sliders-1 glide--swipeable glide--ltr glide--carousel">
                    <div class="glide__track" data-glide-el="track">
                        <ul class="glide__slides product-recommendations__list" style="transition: transform cubic-bezier(0.165, 0.84, 0.44, 1); width: 4428px; transform: translate3d(-1476px, 0px, 0px);">
                        
                            
                                <li class="glide__slide product-recommendations__item glide__slide--clone" style="width: 472px; margin-right: 10px;">
                                    <div class="product-recommendations__item-heading">
                                        <img class="product-recommendations__icon product-recommendations__icon--badge" src="/media/rtwe/assets/application/images/icons/icon-badge.svg" width="21" height="20" alt="The Classic">
                                        <p class="product-recommendations__item-title">The Classic</p>
                                        <span class="product-recommendations__item-tooltip" data-tooltip="A perfect example of the style: a surefire hit."><img class="product-recommendations__icon" src="/media/rtwe/assets/application/images/icons/icon-info.svg" width="21" height="20" alt="Info"></span>
                                    </div>
                                    <a class="product-recommendations__item-content" href="/p/2093/glenfiddich-18-year-old?suggested=true&amp;source=categoryproductlist&amp;type=recommended&amp;sourceCategoryId=40" title="Glenfiddich 18 Year Old" onclick="_gaq.push(['_trackEvent', 'ProductRecommendation', 'click', 'Glenfiddich 18 Year Old'])">
                                        <picture>
                        <source media="(max-width: 449.9px)" srcset="https://img.thewhiskyexchange.com/180/GFDOB.18YO.jpg 1x, https://img.thewhiskyexchange.com/360/GFDOB.18YO.jpg 2x">
                        <source media="(min-width: 450px) and (max-width: 659.9px)" srcset="https://img.thewhiskyexchange.com/280/GFDOB.18YO.jpg 1x, https://img.thewhiskyexchange.com/560/GFDOB.18YO.jpg 2x">
                        <source media="(min-width: 660px) and (max-width: 799.9px)" srcset="https://img.thewhiskyexchange.com/350/GFDOB.18YO.jpg 1x, https://img.thewhiskyexchange.com/700/GFDOB.18YO.jpg 2x">
                        <source media="(min-width: 800px) and (max-width: 959.9px)" srcset="https://img.thewhiskyexchange.com/220/GFDOB.18YO.jpg 1x, https://img.thewhiskyexchange.com/440/GFDOB.18YO.jpg 2x">
                        <source media="(min-width: 960px) and (max-width: 1199.9px)" srcset="https://img.thewhiskyexchange.com/280/GFDOB.18YO.jpg 1x, https://img.thewhiskyexchange.com/560/GFDOB.18YO.jpg 2x">
                        <source media="(min-width: 1200px)" srcset="https://img.thewhiskyexchange.com/240/GFDOB.18YO.jpg 1x, https://img.thewhiskyexchange.com/480/GFDOB.18YO.jpg 2x">
                        <img class="product-recommendations__item-image" src="https://img.thewhiskyexchange.com/180/GFDOB.18YO.jpg" loading="lazy" width="3" height="4" alt="Glenfiddich 18 Year Old">
                    </picture>
                                        <div class="product-recommendations__item-information">
                                            <h4 class="product-recommendations__item-name">
                                                Glenfiddich 18 Year Old
                                                
                                            </h4>
                                            
                                                <ul class="product-recommendations__item-meta">
                                                    <li>Speyside Single Malt Scotch Whisky</li>
                                                </ul>
                                            
                                            <p class="product-recommendations__item-data">70cl / 40%</p>
                                            <p class="product-recommendations__item-price">
                                                £102
                                                <span class="product-recommendations__item-unit-price">(£145.71 per litre)</span>
                                            </p>
                                        </div>
                                    </a>
                                </li><li class="glide__slide product-recommendations__item glide__slide--clone" style="width: 472px; margin-left: 10px; margin-right: 10px;">
                                    <div class="product-recommendations__item-heading">
                                        <img class="product-recommendations__icon product-recommendations__icon--badge" src="/media/rtwe/assets/application/images/icons/icon-badge.svg" width="21" height="20" alt="The Curious">
                                        <p class="product-recommendations__item-title">The Curious</p>
                                        <span class="product-recommendations__item-tooltip" data-tooltip="Great for anyone already familiar with the category."><img class="product-recommendations__icon" src="/media/rtwe/assets/application/images/icons/icon-info.svg" width="21" height="20" alt="Info"></span>
                                    </div>
                                    <a class="product-recommendations__item-content" href="/p/68450/benrinnes-2009-12-year-old-sherry-cask-the-whisky-exchange?suggested=true&amp;source=categoryproductlist&amp;type=recommended&amp;sourceCategoryId=40" title="Benrinnes 2009" onclick="_gaq.push(['_trackEvent', 'ProductRecommendation', 'click', 'Benrinnes 2009'])">
                                        <picture>
                        <source media="(max-width: 449.9px)" srcset="https://img.thewhiskyexchange.com/180/BRNTWE2009V1.jpg 1x, https://img.thewhiskyexchange.com/360/BRNTWE2009V1.jpg 2x">
                        <source media="(min-width: 450px) and (max-width: 659.9px)" srcset="https://img.thewhiskyexchange.com/280/BRNTWE2009V1.jpg 1x, https://img.thewhiskyexchange.com/560/BRNTWE2009V1.jpg 2x">
                        <source media="(min-width: 660px) and (max-width: 799.9px)" srcset="https://img.thewhiskyexchange.com/350/BRNTWE2009V1.jpg 1x, https://img.thewhiskyexchange.com/700/BRNTWE2009V1.jpg 2x">
                        <source media="(min-width: 800px) and (max-width: 959.9px)" srcset="https://img.thewhiskyexchange.com/220/BRNTWE2009V1.jpg 1x, https://img.thewhiskyexchange.com/440/BRNTWE2009V1.jpg 2x">
                        <source media="(min-width: 960px) and (max-width: 1199.9px)" srcset="https://img.thewhiskyexchange.com/280/BRNTWE2009V1.jpg 1x, https://img.thewhiskyexchange.com/560/BRNTWE2009V1.jpg 2x">
                        <source media="(min-width: 1200px)" srcset="https://img.thewhiskyexchange.com/240/BRNTWE2009V1.jpg 1x, https://img.thewhiskyexchange.com/480/BRNTWE2009V1.jpg 2x">
                        <img class="product-recommendations__item-image" src="https://img.thewhiskyexchange.com/180/BRNTWE2009V1.jpg" loading="lazy" width="3" height="4" alt="Benrinnes 2009">
                    </picture>
                                        <div class="product-recommendations__item-information">
                                            <h4 class="product-recommendations__item-name">
                                                Benrinnes 2009
                                                <span class="product-recommendations__item-subname">12 Year Old Sherry Cask The Whisky Exchange</span>
                                            </h4>
                                            
                                                <ul class="product-recommendations__item-meta">
                                                    <li>Speyside Single Malt Scotch Whisky</li>
                                                </ul>
                                            
                                            <p class="product-recommendations__item-data">70cl / 56.1%</p>
                                            <p class="product-recommendations__item-price">
                                                £74.95
                                                <span class="product-recommendations__item-unit-price">(£107.07 per litre)</span>
                                            </p>
                                        </div>
                                    </a>
                                </li><li class="glide__slide product-recommendations__item glide__slide--clone" style="width: 472px; margin-left: 10px; margin-right: 10px;">
                                    <div class="product-recommendations__item-heading">
                                        <img class="product-recommendations__icon product-recommendations__icon--badge" src="/media/rtwe/assets/application/images/icons/icon-badge.svg" width="21" height="20" alt="The Wildcard">
                                        <p class="product-recommendations__item-title">The Wildcard</p>
                                        <span class="product-recommendations__item-tooltip" data-tooltip="A more unusual option for the adventurous drinker."><img class="product-recommendations__icon" src="/media/rtwe/assets/application/images/icons/icon-info.svg" width="21" height="20" alt="Info"></span>
                                    </div>
                                    <a class="product-recommendations__item-content" href="/p/71291/inchdairnie-ryelaw-2017-single-grain-bot2022?suggested=true&amp;source=categoryproductlist&amp;type=recommended&amp;sourceCategoryId=40" title="Inchdairnie Ryelaw 2017 Single Grain" onclick="_gaq.push(['_trackEvent', 'ProductRecommendation', 'click', 'Inchdairnie Ryelaw 2017 Single Grain'])">
                                        <picture>
                        <source media="(max-width: 449.9px)" srcset="https://img.thewhiskyexchange.com/180/GRAIN_INC2017.jpg 1x, https://img.thewhiskyexchange.com/360/GRAIN_INC2017.jpg 2x">
                        <source media="(min-width: 450px) and (max-width: 659.9px)" srcset="https://img.thewhiskyexchange.com/280/GRAIN_INC2017.jpg 1x, https://img.thewhiskyexchange.com/560/GRAIN_INC2017.jpg 2x">
                        <source media="(min-width: 660px) and (max-width: 799.9px)" srcset="https://img.thewhiskyexchange.com/350/GRAIN_INC2017.jpg 1x, https://img.thewhiskyexchange.com/700/GRAIN_INC2017.jpg 2x">
                        <source media="(min-width: 800px) and (max-width: 959.9px)" srcset="https://img.thewhiskyexchange.com/220/GRAIN_INC2017.jpg 1x, https://img.thewhiskyexchange.com/440/GRAIN_INC2017.jpg 2x">
                        <source media="(min-width: 960px) and (max-width: 1199.9px)" srcset="https://img.thewhiskyexchange.com/280/GRAIN_INC2017.jpg 1x, https://img.thewhiskyexchange.com/560/GRAIN_INC2017.jpg 2x">
                        <source media="(min-width: 1200px)" srcset="https://img.thewhiskyexchange.com/240/GRAIN_INC2017.jpg 1x, https://img.thewhiskyexchange.com/480/GRAIN_INC2017.jpg 2x">
                        <img class="product-recommendations__item-image" src="https://img.thewhiskyexchange.com/180/GRAIN_INC2017.jpg" loading="lazy" width="3" height="4" alt="Inchdairnie Ryelaw 2017 Single Grain">
                    </picture>
                                        <div class="product-recommendations__item-information">
                                            <h4 class="product-recommendations__item-name">
                                                Inchdairnie Ryelaw 2017 Single Grain
                                                <span class="product-recommendations__item-subname">Bot.2022</span>
                                            </h4>
                                            
                                                <ul class="product-recommendations__item-meta">
                                                    <li>Lowland Single Grain Scotch Whisky</li>
                                                </ul>
                                            
                                            <p class="product-recommendations__item-data">70cl / 46.3%</p>
                                            <p class="product-recommendations__item-price">
                                                £99
                                                <span class="product-recommendations__item-unit-price">(£141.43 per litre)</span>
                                            </p>
                                        </div>
                                    </a>
                                </li><li class="glide__slide product-recommendations__item glide__slide--active" style="width: 472px; margin-left: 10px; margin-right: 10px;">
                                    <div class="product-recommendations__item-heading">
                                        <img class="product-recommendations__icon product-recommendations__icon--badge" src="/media/rtwe/assets/application/images/icons/icon-badge.svg" width="21" height="20" alt="The Classic">
                                        <p class="product-recommendations__item-title">The Classic</p>
                                        <span class="product-recommendations__item-tooltip" data-tooltip="A perfect example of the style: a surefire hit."><img class="product-recommendations__icon" src="/media/rtwe/assets/application/images/icons/icon-info.svg" width="21" height="20" alt="Info"></span>
                                    </div>
                                    <a class="product-recommendations__item-content" href="/p/2093/glenfiddich-18-year-old?suggested=true&amp;source=categoryproductlist&amp;type=recommended&amp;sourceCategoryId=40" title="Glenfiddich 18 Year Old" onclick="_gaq.push(['_trackEvent', 'ProductRecommendation', 'click', 'Glenfiddich 18 Year Old'])">
                                        <picture>
                        <source media="(max-width: 449.9px)" srcset="https://img.thewhiskyexchange.com/180/GFDOB.18YO.jpg 1x, https://img.thewhiskyexchange.com/360/GFDOB.18YO.jpg 2x">
                        <source media="(min-width: 450px) and (max-width: 659.9px)" srcset="https://img.thewhiskyexchange.com/280/GFDOB.18YO.jpg 1x, https://img.thewhiskyexchange.com/560/GFDOB.18YO.jpg 2x">
                        <source media="(min-width: 660px) and (max-width: 799.9px)" srcset="https://img.thewhiskyexchange.com/350/GFDOB.18YO.jpg 1x, https://img.thewhiskyexchange.com/700/GFDOB.18YO.jpg 2x">
                        <source media="(min-width: 800px) and (max-width: 959.9px)" srcset="https://img.thewhiskyexchange.com/220/GFDOB.18YO.jpg 1x, https://img.thewhiskyexchange.com/440/GFDOB.18YO.jpg 2x">
                        <source media="(min-width: 960px) and (max-width: 1199.9px)" srcset="https://img.thewhiskyexchange.com/280/GFDOB.18YO.jpg 1x, https://img.thewhiskyexchange.com/560/GFDOB.18YO.jpg 2x">
                        <source media="(min-width: 1200px)" srcset="https://img.thewhiskyexchange.com/240/GFDOB.18YO.jpg 1x, https://img.thewhiskyexchange.com/480/GFDOB.18YO.jpg 2x">
                        <img class="product-recommendations__item-image" src="https://img.thewhiskyexchange.com/180/GFDOB.18YO.jpg" loading="lazy" width="3" height="4" alt="Glenfiddich 18 Year Old">
                    </picture>
                                        <div class="product-recommendations__item-information">
                                            <h4 class="product-recommendations__item-name">
                                                Glenfiddich 18 Year Old
                                                
                                            </h4>
                                            
                                                <ul class="product-recommendations__item-meta">
                                                    <li>Speyside Single Malt Scotch Whisky</li>
                                                </ul>
                                            
                                            <p class="product-recommendations__item-data">70cl / 40%</p>
                                            <p class="product-recommendations__item-price">
                                                £102
                                                <span class="product-recommendations__item-unit-price">(£145.71 per litre)</span>
                                            </p>
                                        </div>
                                    </a>
                                </li>
                        
                            
                                <li class="glide__slide product-recommendations__item" style="width: 472px; margin-left: 10px; margin-right: 10px;">
                                    <div class="product-recommendations__item-heading">
                                        <img class="product-recommendations__icon product-recommendations__icon--badge" src="/media/rtwe/assets/application/images/icons/icon-badge.svg" width="21" height="20" alt="The Curious">
                                        <p class="product-recommendations__item-title">The Curious</p>
                                        <span class="product-recommendations__item-tooltip" data-tooltip="Great for anyone already familiar with the category."><img class="product-recommendations__icon" src="/media/rtwe/assets/application/images/icons/icon-info.svg" width="21" height="20" alt="Info"></span>
                                    </div>
                                    <a class="product-recommendations__item-content" href="/p/68450/benrinnes-2009-12-year-old-sherry-cask-the-whisky-exchange?suggested=true&amp;source=categoryproductlist&amp;type=recommended&amp;sourceCategoryId=40" title="Benrinnes 2009" onclick="_gaq.push(['_trackEvent', 'ProductRecommendation', 'click', 'Benrinnes 2009'])">
                                        <picture>
                        <source media="(max-width: 449.9px)" srcset="https://img.thewhiskyexchange.com/180/BRNTWE2009V1.jpg 1x, https://img.thewhiskyexchange.com/360/BRNTWE2009V1.jpg 2x">
                        <source media="(min-width: 450px) and (max-width: 659.9px)" srcset="https://img.thewhiskyexchange.com/280/BRNTWE2009V1.jpg 1x, https://img.thewhiskyexchange.com/560/BRNTWE2009V1.jpg 2x">
                        <source media="(min-width: 660px) and (max-width: 799.9px)" srcset="https://img.thewhiskyexchange.com/350/BRNTWE2009V1.jpg 1x, https://img.thewhiskyexchange.com/700/BRNTWE2009V1.jpg 2x">
                        <source media="(min-width: 800px) and (max-width: 959.9px)" srcset="https://img.thewhiskyexchange.com/220/BRNTWE2009V1.jpg 1x, https://img.thewhiskyexchange.com/440/BRNTWE2009V1.jpg 2x">
                        <source media="(min-width: 960px) and (max-width: 1199.9px)" srcset="https://img.thewhiskyexchange.com/280/BRNTWE2009V1.jpg 1x, https://img.thewhiskyexchange.com/560/BRNTWE2009V1.jpg 2x">
                        <source media="(min-width: 1200px)" srcset="https://img.thewhiskyexchange.com/240/BRNTWE2009V1.jpg 1x, https://img.thewhiskyexchange.com/480/BRNTWE2009V1.jpg 2x">
                        <img class="product-recommendations__item-image" src="https://img.thewhiskyexchange.com/180/BRNTWE2009V1.jpg" loading="lazy" width="3" height="4" alt="Benrinnes 2009">
                    </picture>
                                        <div class="product-recommendations__item-information">
                                            <h4 class="product-recommendations__item-name">
                                                Benrinnes 2009
                                                <span class="product-recommendations__item-subname">12 Year Old Sherry Cask The Whisky Exchange</span>
                                            </h4>
                                            
                                                <ul class="product-recommendations__item-meta">
                                                    <li>Speyside Single Malt Scotch Whisky</li>
                                                </ul>
                                            
                                            <p class="product-recommendations__item-data">70cl / 56.1%</p>
                                            <p class="product-recommendations__item-price">
                                                £74.95
                                                <span class="product-recommendations__item-unit-price">(£107.07 per litre)</span>
                                            </p>
                                        </div>
                                    </a>
                                </li>
                        
                            
                                <li class="glide__slide product-recommendations__item" style="width: 472px; margin-left: 10px; margin-right: 10px;">
                                    <div class="product-recommendations__item-heading">
                                        <img class="product-recommendations__icon product-recommendations__icon--badge" src="/media/rtwe/assets/application/images/icons/icon-badge.svg" width="21" height="20" alt="The Wildcard">
                                        <p class="product-recommendations__item-title">The Wildcard</p>
                                        <span class="product-recommendations__item-tooltip" data-tooltip="A more unusual option for the adventurous drinker."><img class="product-recommendations__icon" src="/media/rtwe/assets/application/images/icons/icon-info.svg" width="21" height="20" alt="Info"></span>
                                    </div>
                                    <a class="product-recommendations__item-content" href="/p/71291/inchdairnie-ryelaw-2017-single-grain-bot2022?suggested=true&amp;source=categoryproductlist&amp;type=recommended&amp;sourceCategoryId=40" title="Inchdairnie Ryelaw 2017 Single Grain" onclick="_gaq.push(['_trackEvent', 'ProductRecommendation', 'click', 'Inchdairnie Ryelaw 2017 Single Grain'])">
                                        <picture>
                        <source media="(max-width: 449.9px)" srcset="https://img.thewhiskyexchange.com/180/GRAIN_INC2017.jpg 1x, https://img.thewhiskyexchange.com/360/GRAIN_INC2017.jpg 2x">
                        <source media="(min-width: 450px) and (max-width: 659.9px)" srcset="https://img.thewhiskyexchange.com/280/GRAIN_INC2017.jpg 1x, https://img.thewhiskyexchange.com/560/GRAIN_INC2017.jpg 2x">
                        <source media="(min-width: 660px) and (max-width: 799.9px)" srcset="https://img.thewhiskyexchange.com/350/GRAIN_INC2017.jpg 1x, https://img.thewhiskyexchange.com/700/GRAIN_INC2017.jpg 2x">
                        <source media="(min-width: 800px) and (max-width: 959.9px)" srcset="https://img.thewhiskyexchange.com/220/GRAIN_INC2017.jpg 1x, https://img.thewhiskyexchange.com/440/GRAIN_INC2017.jpg 2x">
                        <source media="(min-width: 960px) and (max-width: 1199.9px)" srcset="https://img.thewhiskyexchange.com/280/GRAIN_INC2017.jpg 1x, https://img.thewhiskyexchange.com/560/GRAIN_INC2017.jpg 2x">
                        <source media="(min-width: 1200px)" srcset="https://img.thewhiskyexchange.com/240/GRAIN_INC2017.jpg 1x, https://img.thewhiskyexchange.com/480/GRAIN_INC2017.jpg 2x">
                        <img class="product-recommendations__item-image" src="https://img.thewhiskyexchange.com/180/GRAIN_INC2017.jpg" loading="lazy" width="3" height="4" alt="Inchdairnie Ryelaw 2017 Single Grain">
                    </picture>
                                        <div class="product-recommendations__item-information">
                                            <h4 class="product-recommendations__item-name">
                                                Inchdairnie Ryelaw 2017 Single Grain
                                                <span class="product-recommendations__item-subname">Bot.2022</span>
                                            </h4>
                                            
                                                <ul class="product-recommendations__item-meta">
                                                    <li>Lowland Single Grain Scotch Whisky</li>
                                                </ul>
                                            
                                            <p class="product-recommendations__item-data">70cl / 46.3%</p>
                                            <p class="product-recommendations__item-price">
                                                £99
                                                <span class="product-recommendations__item-unit-price">(£141.43 per litre)</span>
                                            </p>
                                        </div>
                                    </a>
                                </li>
                        
                        <li class="glide__slide product-recommendations__item glide__slide--clone" style="width: 472px; margin-left: 10px; margin-right: 10px;">
                                    <div class="product-recommendations__item-heading">
                                        <img class="product-recommendations__icon product-recommendations__icon--badge" src="/media/rtwe/assets/application/images/icons/icon-badge.svg" width="21" height="20" alt="The Classic">
                                        <p class="product-recommendations__item-title">The Classic</p>
                                        <span class="product-recommendations__item-tooltip" data-tooltip="A perfect example of the style: a surefire hit."><img class="product-recommendations__icon" src="/media/rtwe/assets/application/images/icons/icon-info.svg" width="21" height="20" alt="Info"></span>
                                    </div>
                                    <a class="product-recommendations__item-content" href="/p/2093/glenfiddich-18-year-old?suggested=true&amp;source=categoryproductlist&amp;type=recommended&amp;sourceCategoryId=40" title="Glenfiddich 18 Year Old" onclick="_gaq.push(['_trackEvent', 'ProductRecommendation', 'click', 'Glenfiddich 18 Year Old'])">
                                        <picture>
                        <source media="(max-width: 449.9px)" srcset="https://img.thewhiskyexchange.com/180/GFDOB.18YO.jpg 1x, https://img.thewhiskyexchange.com/360/GFDOB.18YO.jpg 2x">
                        <source media="(min-width: 450px) and (max-width: 659.9px)" srcset="https://img.thewhiskyexchange.com/280/GFDOB.18YO.jpg 1x, https://img.thewhiskyexchange.com/560/GFDOB.18YO.jpg 2x">
                        <source media="(min-width: 660px) and (max-width: 799.9px)" srcset="https://img.thewhiskyexchange.com/350/GFDOB.18YO.jpg 1x, https://img.thewhiskyexchange.com/700/GFDOB.18YO.jpg 2x">
                        <source media="(min-width: 800px) and (max-width: 959.9px)" srcset="https://img.thewhiskyexchange.com/220/GFDOB.18YO.jpg 1x, https://img.thewhiskyexchange.com/440/GFDOB.18YO.jpg 2x">
                        <source media="(min-width: 960px) and (max-width: 1199.9px)" srcset="https://img.thewhiskyexchange.com/280/GFDOB.18YO.jpg 1x, https://img.thewhiskyexchange.com/560/GFDOB.18YO.jpg 2x">
                        <source media="(min-width: 1200px)" srcset="https://img.thewhiskyexchange.com/240/GFDOB.18YO.jpg 1x, https://img.thewhiskyexchange.com/480/GFDOB.18YO.jpg 2x">
                        <img class="product-recommendations__item-image" src="https://img.thewhiskyexchange.com/180/GFDOB.18YO.jpg" loading="lazy" width="3" height="4" alt="Glenfiddich 18 Year Old">
                    </picture>
                                        <div class="product-recommendations__item-information">
                                            <h4 class="product-recommendations__item-name">
                                                Glenfiddich 18 Year Old
                                                
                                            </h4>
                                            
                                                <ul class="product-recommendations__item-meta">
                                                    <li>Speyside Single Malt Scotch Whisky</li>
                                                </ul>
                                            
                                            <p class="product-recommendations__item-data">70cl / 40%</p>
                                            <p class="product-recommendations__item-price">
                                                £102
                                                <span class="product-recommendations__item-unit-price">(£145.71 per litre)</span>
                                            </p>
                                        </div>
                                    </a>
                                </li><li class="glide__slide product-recommendations__item glide__slide--clone" style="width: 472px; margin-left: 10px; margin-right: 10px;">
                                    <div class="product-recommendations__item-heading">
                                        <img class="product-recommendations__icon product-recommendations__icon--badge" src="/media/rtwe/assets/application/images/icons/icon-badge.svg" width="21" height="20" alt="The Curious">
                                        <p class="product-recommendations__item-title">The Curious</p>
                                        <span class="product-recommendations__item-tooltip" data-tooltip="Great for anyone already familiar with the category."><img class="product-recommendations__icon" src="/media/rtwe/assets/application/images/icons/icon-info.svg" width="21" height="20" alt="Info"></span>
                                    </div>
                                    <a class="product-recommendations__item-content" href="/p/68450/benrinnes-2009-12-year-old-sherry-cask-the-whisky-exchange?suggested=true&amp;source=categoryproductlist&amp;type=recommended&amp;sourceCategoryId=40" title="Benrinnes 2009" onclick="_gaq.push(['_trackEvent', 'ProductRecommendation', 'click', 'Benrinnes 2009'])">
                                        <picture>
                        <source media="(max-width: 449.9px)" srcset="https://img.thewhiskyexchange.com/180/BRNTWE2009V1.jpg 1x, https://img.thewhiskyexchange.com/360/BRNTWE2009V1.jpg 2x">
                        <source media="(min-width: 450px) and (max-width: 659.9px)" srcset="https://img.thewhiskyexchange.com/280/BRNTWE2009V1.jpg 1x, https://img.thewhiskyexchange.com/560/BRNTWE2009V1.jpg 2x">
                        <source media="(min-width: 660px) and (max-width: 799.9px)" srcset="https://img.thewhiskyexchange.com/350/BRNTWE2009V1.jpg 1x, https://img.thewhiskyexchange.com/700/BRNTWE2009V1.jpg 2x">
                        <source media="(min-width: 800px) and (max-width: 959.9px)" srcset="https://img.thewhiskyexchange.com/220/BRNTWE2009V1.jpg 1x, https://img.thewhiskyexchange.com/440/BRNTWE2009V1.jpg 2x">
                        <source media="(min-width: 960px) and (max-width: 1199.9px)" srcset="https://img.thewhiskyexchange.com/280/BRNTWE2009V1.jpg 1x, https://img.thewhiskyexchange.com/560/BRNTWE2009V1.jpg 2x">
                        <source media="(min-width: 1200px)" srcset="https://img.thewhiskyexchange.com/240/BRNTWE2009V1.jpg 1x, https://img.thewhiskyexchange.com/480/BRNTWE2009V1.jpg 2x">
                        <img class="product-recommendations__item-image" src="https://img.thewhiskyexchange.com/180/BRNTWE2009V1.jpg" loading="lazy" width="3" height="4" alt="Benrinnes 2009">
                    </picture>
                                        <div class="product-recommendations__item-information">
                                            <h4 class="product-recommendations__item-name">
                                                Benrinnes 2009
                                                <span class="product-recommendations__item-subname">12 Year Old Sherry Cask The Whisky Exchange</span>
                                            </h4>
                                            
                                                <ul class="product-recommendations__item-meta">
                                                    <li>Speyside Single Malt Scotch Whisky</li>
                                                </ul>
                                            
                                            <p class="product-recommendations__item-data">70cl / 56.1%</p>
                                            <p class="product-recommendations__item-price">
                                                £74.95
                                                <span class="product-recommendations__item-unit-price">(£107.07 per litre)</span>
                                            </p>
                                        </div>
                                    </a>
                                </li><li class="glide__slide product-recommendations__item glide__slide--clone" style="width: 472px; margin-left: 10px;">
                                    <div class="product-recommendations__item-heading">
                                        <img class="product-recommendations__icon product-recommendations__icon--badge" src="/media/rtwe/assets/application/images/icons/icon-badge.svg" width="21" height="20" alt="The Wildcard">
                                        <p class="product-recommendations__item-title">The Wildcard</p>
                                        <span class="product-recommendations__item-tooltip" data-tooltip="A more unusual option for the adventurous drinker."><img class="product-recommendations__icon" src="/media/rtwe/assets/application/images/icons/icon-info.svg" width="21" height="20" alt="Info"></span>
                                    </div>
                                    <a class="product-recommendations__item-content" href="/p/71291/inchdairnie-ryelaw-2017-single-grain-bot2022?suggested=true&amp;source=categoryproductlist&amp;type=recommended&amp;sourceCategoryId=40" title="Inchdairnie Ryelaw 2017 Single Grain" onclick="_gaq.push(['_trackEvent', 'ProductRecommendation', 'click', 'Inchdairnie Ryelaw 2017 Single Grain'])">
                                        <picture>
                        <source media="(max-width: 449.9px)" srcset="https://img.thewhiskyexchange.com/180/GRAIN_INC2017.jpg 1x, https://img.thewhiskyexchange.com/360/GRAIN_INC2017.jpg 2x">
                        <source media="(min-width: 450px) and (max-width: 659.9px)" srcset="https://img.thewhiskyexchange.com/280/GRAIN_INC2017.jpg 1x, https://img.thewhiskyexchange.com/560/GRAIN_INC2017.jpg 2x">
                        <source media="(min-width: 660px) and (max-width: 799.9px)" srcset="https://img.thewhiskyexchange.com/350/GRAIN_INC2017.jpg 1x, https://img.thewhiskyexchange.com/700/GRAIN_INC2017.jpg 2x">
                        <source media="(min-width: 800px) and (max-width: 959.9px)" srcset="https://img.thewhiskyexchange.com/220/GRAIN_INC2017.jpg 1x, https://img.thewhiskyexchange.com/440/GRAIN_INC2017.jpg 2x">
                        <source media="(min-width: 960px) and (max-width: 1199.9px)" srcset="https://img.thewhiskyexchange.com/280/GRAIN_INC2017.jpg 1x, https://img.thewhiskyexchange.com/560/GRAIN_INC2017.jpg 2x">
                        <source media="(min-width: 1200px)" srcset="https://img.thewhiskyexchange.com/240/GRAIN_INC2017.jpg 1x, https://img.thewhiskyexchange.com/480/GRAIN_INC2017.jpg 2x">
                        <img class="product-recommendations__item-image" src="https://img.thewhiskyexchange.com/180/GRAIN_INC2017.jpg" loading="lazy" width="3" height="4" alt="Inchdairnie Ryelaw 2017 Single Grain">
                    </picture>
                                        <div class="product-recommendations__item-information">
                                            <h4 class="product-recommendations__item-name">
                                                Inchdairnie Ryelaw 2017 Single Grain
                                                <span class="product-recommendations__item-subname">Bot.2022</span>
                                            </h4>
                                            
                                                <ul class="product-recommendations__item-meta">
                                                    <li>Lowland Single Grain Scotch Whisky</li>
                                                </ul>
                                            
                                            <p class="product-recommendations__item-data">70cl / 46.3%</p>
                                            <p class="product-recommendations__item-price">
                                                £99
                                                <span class="product-recommendations__item-unit-price">(£141.43 per litre)</span>
                                            </p>
                                        </div>
                                    </a>
                                </li></ul>
                    </div>

                    <div class="glide__bullets product-recommendations__bullets" data-glide-el="controls[nav]">
                        <button class="glide__bullet glide__bullet--active" data-glide-dir="=0"></button>
                        <button class="glide__bullet" data-glide-dir="=1"></button>
                        <button class="glide__bullet" data-glide-dir="=2"></button>
                    </div>
                </div>
            </li><li class="product-grid__item"><a href="/p/114/ardbeg-uigeadail" class="product-card js-product-view js-product-click" title="Ardbeg Uigeadail" onclick="_gaq.push(['trackSelectItem','114']);_gaq.push(['_trackEvent','All Scotch Whiskies-GridView','click','114 : Ardbeg Uigeadail'])"><div class="product-card__image-container"><picture><source media="(max-width: 449.9px)" srcset="https://img.thewhiskyexchange.com/190/abgob.non2.jpg?v=202407241 1x, https://img.thewhiskyexchange.com/380/abgob.non2.jpg?v=202407241 2x"><source media="(min-width: 450px)" srcset="https://img.thewhiskyexchange.com/240/abgob.non2.jpg?v=202407241 1x, https://img.thewhiskyexchange.com/480/abgob.non2.jpg?v=202407241 2x"><img src="https://img.thewhiskyexchange.com/380/abgob.non2.jpg?v=202407241" alt="Ardbeg Uigeadail" class="product-card__image" loading="lazy" width="3" height="4"></picture><div class="product-extras product-extras--grid"><div class="product-extras-flash product-extras-flash--purple"><p class="product-extras-flash__content">Save<br>£4.55</p></div><div class="product-extras-banner"><img class="product-extras-banner__image" src="/cdn-cgi/image/fit=scale-down,width=198,metadata=none,format=webp/media/rtwe/assets/application/images/widgets/engraving-sm.png" alt="Available with Engraving" loading="lazy" width="198" height="37"></div></div></div><div class="product-card__content"><p class="product-card__name js-product-name">Ardbeg Uigeadail</p><p class="product-card__meta">70cl / 54.2%</p></div><div class="product-card__data"><p class="product-card__price">£63.95</p><p class="product-card__unit-price">(£91.36 per litre)</p></div></a></li><li class="product-grid__item"><a href="/p/83696/secret-speyside-m-2011-13-year-old-100-proof-edition-29-signatory" class="product-card js-product-view js-product-click" title=" Secret Speyside (M) 2011 13 Year Old 100 Proof Edition 29 Signatory" onclick="_gaq.push(['trackSelectItem','83696']);_gaq.push(['_trackEvent','All Scotch Whiskies-GridView','click','83696 : Secret Speyside (M) 2011 / 13 Year Old / 100 Proof Edition 29 / Signatory'])"><div class="product-card__image-container"><picture><source media="(max-width: 449.9px)" srcset="https://img.thewhiskyexchange.com/190/macsig2011v2.jpg?v=202407241 1x, https://img.thewhiskyexchange.com/380/macsig2011v2.jpg?v=202407241 2x"><source media="(min-width: 450px)" srcset="https://img.thewhiskyexchange.com/240/macsig2011v2.jpg?v=202407241 1x, https://img.thewhiskyexchange.com/480/macsig2011v2.jpg?v=202407241 2x"><img src="https://img.thewhiskyexchange.com/380/macsig2011v2.jpg?v=202407241" alt="Secret Speyside (M) 2011 13 Year Old 100 Proof Edition 29 Signatory" class="product-card__image" loading="lazy" width="3" height="4"></picture></div><div class="product-card__content"><p class="product-card__name js-product-name">Secret Speyside (M) 2011<span class="product-card__name-secondary">13 Year Old 100 Proof Edition 29 Signatory</span></p><p class="product-card__meta">70cl / 57.1%</p></div><div class="product-card__data"><p class="product-card__price">£44.95</p><p class="product-card__unit-price">(£64.21 per litre)</p></div></a></li><li class="product-grid__item"><a href="/p/40227/kilchoman-machir-bay" class="product-card js-product-view js-product-click" title="Kilchoman Machir Bay" onclick="_gaq.push(['trackSelectItem','40227']);_gaq.push(['_trackEvent','All Scotch Whiskies-GridView','click','40227 : Kilchoman Machir Bay'])"><div class="product-card__image-container"><picture><source media="(max-width: 449.9px)" srcset="https://img.thewhiskyexchange.com/190/kilob.non26.jpg?v=202407241 1x, https://img.thewhiskyexchange.com/380/kilob.non26.jpg?v=202407241 2x"><source media="(min-width: 450px)" srcset="https://img.thewhiskyexchange.com/240/kilob.non26.jpg?v=202407241 1x, https://img.thewhiskyexchange.com/480/kilob.non26.jpg?v=202407241 2x"><img src="https://img.thewhiskyexchange.com/380/kilob.non26.jpg?v=202407241" alt="Kilchoman Machir Bay" class="product-card__image" loading="lazy" width="3" height="4"></picture><div class="product-extras product-extras--grid"><div class="product-extras-banner--icons"><img src="/media/rtwe/assets/application/images/widgets/staff_pick.svg" class="product-extras-banner__icon" loading="lazy" alt="Staff Pick" title="Staff Pick"></div></div></div><div class="product-card__content"><p class="product-card__name js-product-name">Kilchoman Machir Bay</p><p class="product-card__meta">70cl / 46%</p></div><div class="product-card__data"><p class="product-card__price">£46.50</p><p class="product-card__unit-price">(£66.43 per litre)</p></div></a></li><li class="product-grid__item"><a href="/p/62177/highland-park-cask-strength-release-no2" class="product-card js-product-view js-product-click" title=" Highland Park Cask Strength Release No.2" onclick="_gaq.push(['trackSelectItem','62177']);_gaq.push(['_trackEvent','All Scotch Whiskies-GridView','click','62177 : Highland Park Cask Strength / Release No.2'])"><div class="product-card__image-container"><picture><source media="(max-width: 449.9px)" srcset="https://img.thewhiskyexchange.com/190/hlpob.non19.jpg?v=202407241 1x, https://img.thewhiskyexchange.com/380/hlpob.non19.jpg?v=202407241 2x"><source media="(min-width: 450px)" srcset="https://img.thewhiskyexchange.com/240/hlpob.non19.jpg?v=202407241 1x, https://img.thewhiskyexchange.com/480/hlpob.non19.jpg?v=202407241 2x"><img src="https://img.thewhiskyexchange.com/380/hlpob.non19.jpg?v=202407241" alt="Highland Park Cask Strength Release No.2" class="product-card__image" loading="lazy" width="3" height="4"></picture><div class="product-extras product-extras--grid"><div class="product-extras-flash product-extras-flash--purple"><p class="product-extras-flash__content">Save<br>£5</p></div></div></div><div class="product-card__content"><p class="product-card__name js-product-name">Highland Park Cask Strength<span class="product-card__name-secondary">Release No.2</span></p><p class="product-card__meta">70cl / 63.9%</p></div><div class="product-card__data"><p class="product-card__price">£49.95</p><p class="product-card__unit-price">(£71.36 per litre)</p></div></a></li><li class="product-grid__item"><a href="/p/2091/glenfiddich-15-year-old-solera" class="product-card js-product-view js-product-click" title="Glenfiddich 15 Year Old Solera" onclick="_gaq.push(['trackSelectItem','2091']);_gaq.push(['_trackEvent','All Scotch Whiskies-GridView','click','2091 : Glenfiddich 15 Year Old Solera'])"><div class="product-card__image-container"><picture><source media="(max-width: 449.9px)" srcset="https://img.thewhiskyexchange.com/190/gfdob.15yo.jpg?v=202407241 1x, https://img.thewhiskyexchange.com/380/gfdob.15yo.jpg?v=202407241 2x"><source media="(min-width: 450px)" srcset="https://img.thewhiskyexchange.com/240/gfdob.15yo.jpg?v=202407241 1x, https://img.thewhiskyexchange.com/480/gfdob.15yo.jpg?v=202407241 2x"><img src="https://img.thewhiskyexchange.com/380/gfdob.15yo.jpg?v=202407241" alt="Glenfiddich 15 Year Old Solera" class="product-card__image" loading="lazy" width="3" height="4"></picture></div><div class="product-card__content"><p class="product-card__name js-product-name">Glenfiddich 15 Year Old Solera</p><p class="product-card__meta">70cl / 40%</p></div><div class="product-card__data"><p class="product-card__price">£57.95</p><p class="product-card__unit-price">(£82.79 per litre)</p></div></a></li><li class="product-grid__item"><a href="/p/72810/bunnahabhain-12-year-old-cask-strength-2023-release" class="product-card js-product-view js-product-click" title=" Bunnahabhain 12 Year Old Cask Strength 2023 Release" onclick="_gaq.push(['trackSelectItem','72810']);_gaq.push(['_trackEvent','All Scotch Whiskies-GridView','click','72810 : Bunnahabhain 12 Year Old Cask Strength / 2023 Release'])"><div class="product-card__image-container"><picture><source media="(max-width: 449.9px)" srcset="https://img.thewhiskyexchange.com/190/bunob.12yov26.jpg?v=202407241 1x, https://img.thewhiskyexchange.com/380/bunob.12yov26.jpg?v=202407241 2x"><source media="(min-width: 450px)" srcset="https://img.thewhiskyexchange.com/240/bunob.12yov26.jpg?v=202407241 1x, https://img.thewhiskyexchange.com/480/bunob.12yov26.jpg?v=202407241 2x"><img src="https://img.thewhiskyexchange.com/380/bunob.12yov26.jpg?v=202407241" alt="Bunnahabhain 12 Year Old Cask Strength 2023 Release" class="product-card__image" loading="lazy" width="3" height="4"></picture><div class="product-extras product-extras--grid"><div class="product-extras-flash product-extras-flash--purple"><p class="product-extras-flash__content">Save<br>£10</p></div></div></div><div class="product-card__content"><p class="product-card__name js-product-name">Bunnahabhain 12 Year Old Cask Strength<span class="product-card__name-secondary">2023 Release</span></p><p class="product-card__meta">70cl / 60.1%</p></div><div class="product-card__data"><p class="product-card__price">£69.75</p><p class="product-card__unit-price">(£99.64 per litre)</p></div></a></li><li class="product-grid__item"><a href="/p/83053/macallan-a-night-on-earth-in-jerez-2024-release" class="product-card js-product-view js-product-click" title=" Macallan A Night on Earth in Jerez 2024 Release" onclick="_gaq.push(['trackSelectItem','83053']);_gaq.push(['_trackEvent','All Scotch Whiskies-GridView','click','83053 : Macallan A Night on Earth in Jerez / 2024 Release'])"><div class="product-card__image-container"><picture><source media="(max-width: 449.9px)" srcset="https://img.thewhiskyexchange.com/190/macob.non191.jpg?v=202407241 1x, https://img.thewhiskyexchange.com/380/macob.non191.jpg?v=202407241 2x"><source media="(min-width: 450px)" srcset="https://img.thewhiskyexchange.com/240/macob.non191.jpg?v=202407241 1x, https://img.thewhiskyexchange.com/480/macob.non191.jpg?v=202407241 2x"><img src="https://img.thewhiskyexchange.com/380/macob.non191.jpg?v=202407241" alt="Macallan A Night on Earth in Jerez 2024 Release" class="product-card__image" loading="lazy" width="3" height="4"></picture></div><div class="product-card__content"><p class="product-card__name js-product-name">Macallan A Night on Earth in Jerez<span class="product-card__name-secondary">2024 Release</span></p><p class="product-card__meta">70cl / 43%</p></div><div class="product-card__data"><p class="product-card__price">£103</p><p class="product-card__unit-price">(£147.14 per litre)</p></div></a></li><li class="product-grid__item"><a href="/p/67781/strathisla-2007-15-year-old-exclusive-to-the-whisky-exchange" class="product-card js-product-view js-product-click" title=" Strathisla 2007 15 Year Old Exclusive to The Whisky Exchange" onclick="_gaq.push(['trackSelectItem','67781']);_gaq.push(['_trackEvent','All Scotch Whiskies-GridView','click','67781 : Strathisla 2007 / 15 Year Old / Exclusive to The Whisky Exchange'])"><div class="product-card__image-container"><picture><source media="(max-width: 449.9px)" srcset="https://img.thewhiskyexchange.com/190/stlob.2007.jpg?v=202407241 1x, https://img.thewhiskyexchange.com/380/stlob.2007.jpg?v=202407241 2x"><source media="(min-width: 450px)" srcset="https://img.thewhiskyexchange.com/240/stlob.2007.jpg?v=202407241 1x, https://img.thewhiskyexchange.com/480/stlob.2007.jpg?v=202407241 2x"><img src="https://img.thewhiskyexchange.com/380/stlob.2007.jpg?v=202407241" alt="Strathisla 2007 15 Year Old Exclusive to The Whisky Exchange" class="product-card__image" loading="lazy" width="3" height="4"></picture><div class="product-extras product-extras--grid"><div class="product-extras-flash product-extras-flash--purple"><p class="product-extras-flash__content">Save<br>£36.05</p></div><div class="product-extras-banner"><img class="product-extras-banner__image" src="/cdn-cgi/image/fit=scale-down,width=198,metadata=none,format=webp/media/rtwe/assets/application/images/widgets/engraving-sm.png" alt="Available with Engraving" loading="lazy" width="198" height="37"></div></div></div><div class="product-card__content"><p class="product-card__name js-product-name">Strathisla 2007<span class="product-card__name-secondary">15 Year Old Exclusive to The Whisky Exchange</span></p><p class="product-card__meta">70cl / 60.3%</p></div><div class="product-card__data"><p class="product-card__price">£88.95</p><p class="product-card__unit-price">(£127.07 per litre)</p></div></a></li><li class="product-grid__item"><a href="/p/70740/dalmunach-6-year-old-wulver-exclusive-to-the-whisky-exchange" class="product-card js-product-view js-product-click" title=" Dalmunach 6 Year Old Wulver Exclusive to The Whisky Exchange" onclick="_gaq.push(['trackSelectItem','70740']);_gaq.push(['_trackEvent','All Scotch Whiskies-GridView','click','70740 : Dalmunach 6 Year Old / Wulver / Exclusive to The Whisky Exchange'])"><div class="product-card__image-container"><picture><source media="(max-width: 449.9px)" srcset="https://img.thewhiskyexchange.com/190/dmnob.06yo.jpg?v=202407241 1x, https://img.thewhiskyexchange.com/380/dmnob.06yo.jpg?v=202407241 2x"><source media="(min-width: 450px)" srcset="https://img.thewhiskyexchange.com/240/dmnob.06yo.jpg?v=202407241 1x, https://img.thewhiskyexchange.com/480/dmnob.06yo.jpg?v=202407241 2x"><img src="https://img.thewhiskyexchange.com/380/dmnob.06yo.jpg?v=202407241" alt="Dalmunach 6 Year Old Wulver Exclusive to The Whisky Exchange" class="product-card__image" loading="lazy" width="3" height="4"></picture><div class="product-extras product-extras--grid"><div class="product-extras-flash product-extras-flash--purple"><p class="product-extras-flash__content">Save<br>£20</p></div></div></div><div class="product-card__content"><p class="product-card__name js-product-name">Dalmunach 6 Year Old<span class="product-card__name-secondary">Wulver Exclusive to The Whisky Exchange</span></p><p class="product-card__meta">70cl / 60%</p></div><div class="product-card__data"><p class="product-card__price">£39.95</p><p class="product-card__unit-price">(£57.07 per litre)</p></div></a></li><li class="product-grid__item"><a href="/p/2093/glenfiddich-18-year-old" class="product-card js-product-view js-product-click" title="Glenfiddich 18 Year Old" onclick="_gaq.push(['trackSelectItem','2093']);_gaq.push(['_trackEvent','All Scotch Whiskies-GridView','click','2093 : Glenfiddich 18 Year Old'])"><div class="product-card__image-container"><picture><source media="(max-width: 449.9px)" srcset="https://img.thewhiskyexchange.com/190/gfdob.18yo.jpg?v=202407241 1x, https://img.thewhiskyexchange.com/380/gfdob.18yo.jpg?v=202407241 2x"><source media="(min-width: 450px)" srcset="https://img.thewhiskyexchange.com/240/gfdob.18yo.jpg?v=202407241 1x, https://img.thewhiskyexchange.com/480/gfdob.18yo.jpg?v=202407241 2x"><img src="https://img.thewhiskyexchange.com/380/gfdob.18yo.jpg?v=202407241" alt="Glenfiddich 18 Year Old" class="product-card__image" loading="lazy" width="3" height="4"></picture><div class="product-extras product-extras--grid"><div class="product-extras-banner--icons"><img src="/media/rtwe/assets/application/images/widgets/staff_pick.svg" class="product-extras-banner__icon" loading="lazy" alt="Staff Pick" title="Staff Pick"></div></div></div><div class="product-card__content"><p class="product-card__name js-product-name">Glenfiddich 18 Year Old</p><p class="product-card__meta">70cl / 40%</p></div><div class="product-card__data"><p class="product-card__price">£102</p><p class="product-card__unit-price">(£145.71 per litre)</p></div></a></li><li class="product-grid__item"><a href="/p/178/ancnoc-12-year-old" class="product-card js-product-view js-product-click" title="AnCnoc 12 Year Old" onclick="_gaq.push(['trackSelectItem','178']);_gaq.push(['_trackEvent','All Scotch Whiskies-GridView','click','178 : AnCnoc 12 Year Old'])"><div class="product-card__image-container"><picture><source media="(max-width: 449.9px)" srcset="https://img.thewhiskyexchange.com/190/ancob.12yo.jpg?v=202407241 1x, https://img.thewhiskyexchange.com/380/ancob.12yo.jpg?v=202407241 2x"><source media="(min-width: 450px)" srcset="https://img.thewhiskyexchange.com/240/ancob.12yo.jpg?v=202407241 1x, https://img.thewhiskyexchange.com/480/ancob.12yo.jpg?v=202407241 2x"><img src="https://img.thewhiskyexchange.com/380/ancob.12yo.jpg?v=202407241" alt="AnCnoc 12 Year Old" class="product-card__image" loading="lazy" width="3" height="4"></picture></div><div class="product-card__content"><p class="product-card__name js-product-name">AnCnoc 12 Year Old</p><p class="product-card__meta">70cl / 40%</p></div><div class="product-card__data"><p class="product-card__price">£36.25</p><p class="product-card__unit-price">(£51.79 per litre)</p></div></a></li><li class="product-grid__item"><a href="/p/73328/dailuaine-16-year-old-flora-fauna" class="product-card js-product-view js-product-click" title=" Dailuaine 16 Year Old Flora &amp; Fauna" onclick="_gaq.push(['trackSelectItem','73328']);_gaq.push(['_trackEvent','All Scotch Whiskies-GridView','click','73328 : Dailuaine 16 Year Old / Flora &amp; Fauna'])"><div class="product-card__image-container"><picture><source media="(max-width: 449.9px)" srcset="https://img.thewhiskyexchange.com/190/dlnob.16yo.jpg?v=202407241 1x, https://img.thewhiskyexchange.com/380/dlnob.16yo.jpg?v=202407241 2x"><source media="(min-width: 450px)" srcset="https://img.thewhiskyexchange.com/240/dlnob.16yo.jpg?v=202407241 1x, https://img.thewhiskyexchange.com/480/dlnob.16yo.jpg?v=202407241 2x"><img src="https://img.thewhiskyexchange.com/380/dlnob.16yo.jpg?v=202407241" alt="Dailuaine 16 Year Old Flora &amp; Fauna" class="product-card__image" loading="lazy" width="3" height="4"></picture></div><div class="product-card__content"><p class="product-card__name js-product-name">Dailuaine 16 Year Old<span class="product-card__name-secondary">Flora &amp; Fauna</span></p><p class="product-card__meta">70cl / 43%</p></div><div class="product-card__data"><p class="product-card__price">£69.50</p><p class="product-card__unit-price">(£99.29 per litre)</p></div></a></li><li class="product-grid__item"><a href="/p/82931/scapa-10-year-old" class="product-card js-product-view js-product-click" title="Scapa 10 Year Old" onclick="_gaq.push(['trackSelectItem','82931']);_gaq.push(['_trackEvent','All Scotch Whiskies-GridView','click','82931 : Scapa 10 Year Old'])"><div class="product-card__image-container"><picture><source media="(max-width: 449.9px)" srcset="https://img.thewhiskyexchange.com/190/scpob.10yov2.jpg?v=202407241 1x, https://img.thewhiskyexchange.com/380/scpob.10yov2.jpg?v=202407241 2x"><source media="(min-width: 450px)" srcset="https://img.thewhiskyexchange.com/240/scpob.10yov2.jpg?v=202407241 1x, https://img.thewhiskyexchange.com/480/scpob.10yov2.jpg?v=202407241 2x"><img src="https://img.thewhiskyexchange.com/380/scpob.10yov2.jpg?v=202407241" alt="Scapa 10 Year Old" class="product-card__image" loading="lazy" width="3" height="4"></picture></div><div class="product-card__content"><p class="product-card__name js-product-name">Scapa 10 Year Old</p><p class="product-card__meta">70cl / 48%</p></div><div class="product-card__data"><p class="product-card__price">£49.95</p><p class="product-card__unit-price">(£71.36 per litre)</p></div></a></li><li class="product-grid__item"><a href="/p/55981/ncnean-organic-single-malt" class="product-card js-product-view js-product-click" title="Nc'nean Organic Single Malt" onclick="_gaq.push(['trackSelectItem','55981']);_gaq.push(['_trackEvent','All Scotch Whiskies-GridView','click','55981 : Ncnean Organic Single Malt'])"><div class="product-card__image-container"><picture><source media="(max-width: 449.9px)" srcset="https://img.thewhiskyexchange.com/190/ncnob.non1.jpg?v=202407241 1x, https://img.thewhiskyexchange.com/380/ncnob.non1.jpg?v=202407241 2x"><source media="(min-width: 450px)" srcset="https://img.thewhiskyexchange.com/240/ncnob.non1.jpg?v=202407241 1x, https://img.thewhiskyexchange.com/480/ncnob.non1.jpg?v=202407241 2x"><img src="https://img.thewhiskyexchange.com/380/ncnob.non1.jpg?v=202407241" alt="Nc'nean Organic Single Malt" class="product-card__image" loading="lazy" width="3" height="4"></picture></div><div class="product-card__content"><p class="product-card__name js-product-name">Nc'nean Organic Single Malt</p><p class="product-card__meta">70cl / 46%</p></div><div class="product-card__data"><p class="product-card__price">£51.95</p><p class="product-card__unit-price">(£74.21 per litre)</p></div></a></li><li class="product-grid__item"><a href="/p/67983/blended-scotch-tb-bsw-6-year-old-thompson-bros" class="product-card js-product-view js-product-click" title=" Blended Scotch TB-BSW 6 Year Old Thompson Bros" onclick="_gaq.push(['trackSelectItem','67983']);_gaq.push(['_trackEvent','All Scotch Whiskies-GridView','click','67983 : Blended Scotch TB-BSW / 6 Year Old / Thompson Bros'])"><div class="product-card__image-container"><picture><source media="(max-width: 449.9px)" srcset="https://img.thewhiskyexchange.com/190/blend_tho06yo.jpg?v=202407241 1x, https://img.thewhiskyexchange.com/380/blend_tho06yo.jpg?v=202407241 2x"><source media="(min-width: 450px)" srcset="https://img.thewhiskyexchange.com/240/blend_tho06yo.jpg?v=202407241 1x, https://img.thewhiskyexchange.com/480/blend_tho06yo.jpg?v=202407241 2x"><img src="https://img.thewhiskyexchange.com/380/blend_tho06yo.jpg?v=202407241" alt="Blended Scotch TB-BSW 6 Year Old Thompson Bros" class="product-card__image" loading="lazy" width="3" height="4"></picture><div class="product-extras product-extras--grid"><div class="product-extras-banner--icons"><img src="/media/rtwe/assets/application/images/widgets/staff_pick.svg" class="product-extras-banner__icon" loading="lazy" alt="Staff Pick" title="Staff Pick"></div></div></div><div class="product-card__content"><p class="product-card__name js-product-name">Blended Scotch TB-BSW<span class="product-card__name-secondary">6 Year Old Thompson Bros</span></p><p class="product-card__meta">70cl / 46%</p></div><div class="product-card__data"><p class="product-card__price">£31.75</p><p class="product-card__unit-price">(£45.36 per litre)</p></div></a></li><li class="product-grid__item"><a href="/p/9141/deanston-12-year-old-unchillfiltered" class="product-card js-product-view js-product-click" title=" Deanston 12 Year Old Unchillfiltered" onclick="_gaq.push(['trackSelectItem','9141']);_gaq.push(['_trackEvent','All Scotch Whiskies-GridView','click','9141 : Deanston 12 Year Old / Unchillfiltered'])"><div class="product-card__image-container"><picture><source media="(max-width: 449.9px)" srcset="https://img.thewhiskyexchange.com/190/dstob.12yov2.jpg?v=202407241 1x, https://img.thewhiskyexchange.com/380/dstob.12yov2.jpg?v=202407241 2x"><source media="(min-width: 450px)" srcset="https://img.thewhiskyexchange.com/240/dstob.12yov2.jpg?v=202407241 1x, https://img.thewhiskyexchange.com/480/dstob.12yov2.jpg?v=202407241 2x"><img src="https://img.thewhiskyexchange.com/380/dstob.12yov2.jpg?v=202407241" alt="Deanston 12 Year Old Unchillfiltered" class="product-card__image" loading="lazy" width="3" height="4"></picture><div class="product-extras product-extras--grid"><div class="product-extras-flash product-extras-flash--purple"><p class="product-extras-flash__content">Save<br>£6</p></div></div></div><div class="product-card__content"><p class="product-card__name js-product-name">Deanston 12 Year Old<span class="product-card__name-secondary">Unchillfiltered</span></p><p class="product-card__meta">70cl / 46.3%</p></div><div class="product-card__data"><p class="product-card__price">£33.95</p><p class="product-card__unit-price">(£48.50 per litre)</p></div></a></li><li class="product-grid__item"><a href="/p/2400/glenlivet-15-year-old-french-oak-reserve" class="product-card js-product-view js-product-click" title=" Glenlivet 15 Year Old French Oak Reserve" onclick="_gaq.push(['trackSelectItem','2400']);_gaq.push(['_trackEvent','All Scotch Whiskies-GridView','click','2400 : Glenlivet 15 Year Old / French Oak Reserve'])"><div class="product-card__image-container"><picture><source media="(max-width: 449.9px)" srcset="https://img.thewhiskyexchange.com/190/glvob.15yov1.jpg?v=202407241 1x, https://img.thewhiskyexchange.com/380/glvob.15yov1.jpg?v=202407241 2x"><source media="(min-width: 450px)" srcset="https://img.thewhiskyexchange.com/240/glvob.15yov1.jpg?v=202407241 1x, https://img.thewhiskyexchange.com/480/glvob.15yov1.jpg?v=202407241 2x"><img src="https://img.thewhiskyexchange.com/380/glvob.15yov1.jpg?v=202407241" alt="Glenlivet 15 Year Old French Oak Reserve" class="product-card__image" loading="lazy" width="3" height="4"></picture><div class="product-extras product-extras--grid"><div class="product-extras-flash product-extras-flash--purple"><p class="product-extras-flash__content">Save<br>£6.70</p></div></div></div><div class="product-card__content"><p class="product-card__name js-product-name">Glenlivet 15 Year Old<span class="product-card__name-secondary">French Oak Reserve</span></p><p class="product-card__meta">70cl / 40%</p></div><div class="product-card__data"><p class="product-card__price">£55.25</p><p class="product-card__unit-price">(£78.93 per litre)</p></div></a></li><li class="product-grid__item"><a href="/p/4837/talisker-10-year-old" class="product-card js-product-view js-product-click" title="Talisker 10 Year Old" onclick="_gaq.push(['trackSelectItem','4837']);_gaq.push(['_trackEvent','All Scotch Whiskies-GridView','click','4837 : Talisker 10 Year Old'])"><div class="product-card__image-container"><picture><source media="(max-width: 449.9px)" srcset="https://img.thewhiskyexchange.com/190/talob.10yo.jpg?v=202407241 1x, https://img.thewhiskyexchange.com/380/talob.10yo.jpg?v=202407241 2x"><source media="(min-width: 450px)" srcset="https://img.thewhiskyexchange.com/240/talob.10yo.jpg?v=202407241 1x, https://img.thewhiskyexchange.com/480/talob.10yo.jpg?v=202407241 2x"><img src="https://img.thewhiskyexchange.com/380/talob.10yo.jpg?v=202407241" alt="Talisker 10 Year Old" class="product-card__image" loading="lazy" width="3" height="4"></picture><div class="product-extras product-extras--grid"><div class="product-extras-banner--icons"><img src="/media/rtwe/assets/application/images/widgets/sustainability.svg" class="product-extras-banner__icon" loading="lazy" alt="Sustainably Produced" title="Sustainably Produced"></div></div></div><div class="product-card__content"><p class="product-card__name js-product-name">Talisker 10 Year Old</p><p class="product-card__meta">70cl / 45.8%</p></div><div class="product-card__data"><p class="product-card__price">£47.25</p><p class="product-card__unit-price">(£67.50 per litre)</p></div></a></li><li class="product-grid__item"><a href="/p/34496/glenfiddich-project-xx-experimental-series" class="product-card js-product-view js-product-click" title=" Glenfiddich Project XX Experimental Series" onclick="_gaq.push(['trackSelectItem','34496']);_gaq.push(['_trackEvent','All Scotch Whiskies-GridView','click','34496 : Glenfiddich Project XX / Experimental Series'])"><div class="product-card__image-container"><picture><source media="(max-width: 449.9px)" srcset="https://img.thewhiskyexchange.com/190/gfdob.non42.jpg?v=202407241 1x, https://img.thewhiskyexchange.com/380/gfdob.non42.jpg?v=202407241 2x"><source media="(min-width: 450px)" srcset="https://img.thewhiskyexchange.com/240/gfdob.non42.jpg?v=202407241 1x, https://img.thewhiskyexchange.com/480/gfdob.non42.jpg?v=202407241 2x"><img src="https://img.thewhiskyexchange.com/380/gfdob.non42.jpg?v=202407241" alt="Glenfiddich Project XX Experimental Series" class="product-card__image" loading="lazy" width="3" height="4"></picture><div class="product-extras product-extras--grid"><div class="product-extras-flash product-extras-flash--green"><p class="product-extras-flash__content">Free<br>Gift</p></div></div></div><div class="product-card__content"><p class="product-card__name js-product-name">Glenfiddich Project XX<span class="product-card__name-secondary">Experimental Series</span></p><p class="product-card__meta">70cl / 47%</p></div><div class="product-card__data"><p class="product-card__price">£56.25</p><p class="product-card__unit-price">(£80.36 per litre)</p></div></a></li><li class="product-grid__item"><a href="/p/13626/bunnahabhain-18-year-old" class="product-card js-product-view js-product-click" title="Bunnahabhain 18 Year Old" onclick="_gaq.push(['trackSelectItem','13626']);_gaq.push(['_trackEvent','All Scotch Whiskies-GridView','click','13626 : Bunnahabhain 18 Year Old'])"><div class="product-card__image-container"><picture><source media="(max-width: 449.9px)" srcset="https://img.thewhiskyexchange.com/190/bunob.18yov2.jpg?v=202407241 1x, https://img.thewhiskyexchange.com/380/bunob.18yov2.jpg?v=202407241 2x"><source media="(min-width: 450px)" srcset="https://img.thewhiskyexchange.com/240/bunob.18yov2.jpg?v=202407241 1x, https://img.thewhiskyexchange.com/480/bunob.18yov2.jpg?v=202407241 2x"><img src="https://img.thewhiskyexchange.com/380/bunob.18yov2.jpg?v=202407241" alt="Bunnahabhain 18 Year Old" class="product-card__image" loading="lazy" width="3" height="4"></picture></div><div class="product-card__content"><p class="product-card__name js-product-name">Bunnahabhain 18 Year Old</p><p class="product-card__meta">70cl / 46.3%</p></div><div class="product-card__data"><p class="product-card__price">£132</p><p class="product-card__unit-price">(£188.57 per litre)</p></div></a></li></ul></div></section></div></div></div><section class="pagination-bar pagination-bar--new"><div class="pagination-bar__section pagination-bar__section--info"><p class="paging-count js-paging-count">Showing <span class="paging-count__value js-paging-count__value--start">25</span> to <span class="paging-count__value js-paging-count__value--end">48</span> of <span class="paging-count__value js-paging-count__value--total">4450</span> products</p></div><div class="pagination-bar__section pagination-bar__section--paging js-pagination-bar__section--paging"><nav> <a class="paging__button paging__button--next js-paging__button--loadmore cta-button cta-button--regular js-paging__button cta-button--bravo" href="/search/all/scotch-whisky?pg=3" title="Show More">Show More</a> </nav></div></section><script>if(_gaq){var items=[{"item_id":"51202","item_name":"Arran Sherry Cask","price":51.46,"item_brand":"Arran","item_variant":"70cl / 55.8%","item_category":"Scotch Whisky","item_category2":"Single Malt Scotch Whisky","item_category3":"Island","item_category4":"Arran","item_category5":"","item_list_name":"Product Listing Page 2","item_list_id":"product_listing_page_2","index":1},{"item_id":"73481","item_name":"Glenmorangie A Tale of Tokyo","price":61.62,"item_brand":"Glenmorangie","item_variant":"70cl / 46%","item_category":"Scotch Whisky","item_category2":"Single Malt Scotch Whisky","item_category3":"Highland","item_category4":"Glenmorangie","item_category5":"","item_list_name":"Product Listing Page 2","item_list_id":"product_listing_page_2","index":2},{"item_id":"50885","item_name":"Laphroaig 10 Year Old / Cask Strength / Batch 011 / Bot.2019","price":112.50,"item_brand":"Laphroaig","item_variant":"70cl / 58.6%","item_category":"Scotch Whisky","item_category2":"Single Malt Scotch Whisky","item_category3":"Islay","item_category4":"Laphroaig","item_category5":"","item_list_name":"Product Listing Page 2","item_list_id":"product_listing_page_2","index":3},{"item_id":"1902","item_name":"Edradour 10 Year Old","price":38.29,"item_brand":"Edradour","item_variant":"70cl / 43%","item_category":"Scotch Whisky","item_category2":"Single Malt Scotch Whisky","item_category3":"Highland","item_category4":"Edradour","item_category5":"","item_list_name":"Product Listing Page 2","item_list_id":"product_listing_page_2","index":4},{"item_id":"114","item_name":"Ardbeg Uigeadail","price":57.08,"item_brand":"Ardbeg","item_variant":"70cl / 54.2%","item_category":"Scotch Whisky","item_category2":"Single Malt Scotch Whisky","item_category3":"Islay","item_category4":"Ardbeg","item_category5":"Special Offer: £4.55 Off!","item_list_name":"Product Listing Page 2","item_list_id":"product_listing_page_2","index":5},{"item_id":"83696","item_name":"Secret Speyside (M) 2011 / 13 Year Old / 100 Proof Edition 29 / Signatory","price":37.46,"item_brand":"Macallan","item_variant":"70cl / 57.1%","item_category":"Scotch Whisky","item_category2":"Single Malt Scotch Whisky","item_category3":"Speyside","item_category4":"Macallan","item_category5":"","item_list_name":"Product Listing Page 2","item_list_id":"product_listing_page_2","index":6},{"item_id":"40227","item_name":"Kilchoman Machir Bay","price":38.75,"item_brand":"Kilchoman","item_variant":"70cl / 46%","item_category":"Scotch Whisky","item_category2":"Single Malt Scotch Whisky","item_category3":"Islay","item_category4":"Kilchoman","item_category5":"","item_list_name":"Product Listing Page 2","item_list_id":"product_listing_page_2","index":7},{"item_id":"62177","item_name":"Highland Park Cask Strength / Release No.2","price":45.79,"item_brand":"Highland Park","item_variant":"70cl / 63.9%","item_category":"Scotch Whisky","item_category2":"Single Malt Scotch Whisky","item_category3":"Island","item_category4":"Highland Park","item_category5":"Special Offer: £5 Off!","item_list_name":"Product Listing Page 2","item_list_id":"product_listing_page_2","index":8},{"item_id":"2091","item_name":"Glenfiddich 15 Year Old Solera","price":48.29,"item_brand":"Glenfiddich","item_variant":"70cl / 40%","item_category":"Scotch Whisky","item_category2":"Single Malt Scotch Whisky","item_category3":"Speyside","item_category4":"Glenfiddich","item_category5":"","item_list_name":"Product Listing Page 2","item_list_id":"product_listing_page_2","index":9},{"item_id":"72810","item_name":"Bunnahabhain 12 Year Old Cask Strength / 2023 Release","price":66.46,"item_brand":"Bunnahabhain","item_variant":"70cl / 60.1%","item_category":"Scotch Whisky","item_category2":"Single Malt Scotch Whisky","item_category3":"Islay","item_category4":"Bunnahabhain","item_category5":"Special Offer: £10 Off!","item_list_name":"Product Listing Page 2","item_list_id":"product_listing_page_2","index":10},{"item_id":"83053","item_name":"Macallan A Night on Earth in Jerez / 2024 Release","price":85.83,"item_brand":"Macallan","item_variant":"70cl / 43%","item_category":"Scotch Whisky","item_category2":"Single Malt Scotch Whisky","item_category3":"Speyside","item_category4":"Macallan","item_category5":"","item_list_name":"Product Listing Page 2","item_list_id":"product_listing_page_2","index":11},{"item_id":"67781","item_name":"Strathisla 2007 / 15 Year Old / Exclusive to The Whisky Exchange","price":104.17,"item_brand":"Strathisla","item_variant":"70cl / 60.3%","item_category":"Scotch Whisky","item_category2":"Single Malt Scotch Whisky","item_category3":"Speyside","item_category4":"Strathisla","item_category5":"Special Offer: £36.05 Off!","item_list_name":"Product Listing Page 2","item_list_id":"product_listing_page_2","index":12},{"item_id":"70740","item_name":"Dalmunach 6 Year Old / Wulver / Exclusive to The Whisky Exchange","price":49.96,"item_brand":"Dalmunach","item_variant":"70cl / 60%","item_category":"Scotch Whisky","item_category2":"Single Malt Scotch Whisky","item_category3":"Speyside","item_category4":"Dalmunach","item_category5":"Special Offer: £20 Off!","item_list_name":"Product Listing Page 2","item_list_id":"product_listing_page_2","index":13},{"item_id":"2093","item_name":"Glenfiddich 18 Year Old","price":85.00,"item_brand":"Glenfiddich","item_variant":"70cl / 40%","item_category":"Scotch Whisky","item_category2":"Single Malt Scotch Whisky","item_category3":"Speyside","item_category4":"Glenfiddich","item_category5":"","item_list_name":"Product Listing Page 2","item_list_id":"product_listing_page_2","index":14},{"item_id":"178","item_name":"AnCnoc 12 Year Old","price":30.21,"item_brand":"AnCnoc","item_variant":"70cl / 40%","item_category":"Scotch Whisky","item_category2":"Single Malt Scotch Whisky","item_category3":"Highland","item_category4":"AnCnoc","item_category5":"","item_list_name":"Product Listing Page 2","item_list_id":"product_listing_page_2","index":15},{"item_id":"73328","item_name":"Dailuaine 16 Year Old / Flora & Fauna","price":57.92,"item_brand":"Dailuaine","item_variant":"70cl / 43%","item_category":"Scotch Whisky","item_category2":"Single Malt Scotch Whisky","item_category3":"Speyside","item_category4":"Dailuaine","item_category5":"","item_list_name":"Product Listing Page 2","item_list_id":"product_listing_page_2","index":16},{"item_id":"82931","item_name":"Scapa 10 Year Old","price":41.62,"item_brand":"Scapa","item_variant":"70cl / 48%","item_category":"Scotch Whisky","item_category2":"Single Malt Scotch Whisky","item_category3":"Island","item_category4":"Scapa","item_category5":"","item_list_name":"Product Listing Page 2","item_list_id":"product_listing_page_2","index":17},{"item_id":"55981","item_name":"Nc'nean Organic Single Malt","price":43.29,"item_brand":"Nc'nean","item_variant":"70cl / 46%","item_category":"Scotch Whisky","item_category2":"Single Malt Scotch Whisky","item_category3":"Highland","item_category4":"Nc'nean","item_category5":"","item_list_name":"Product Listing Page 2","item_list_id":"product_listing_page_2","index":18},{"item_id":"67983","item_name":"Blended Scotch TB-BSW / 6 Year Old / Thompson Bros","price":26.46,"item_brand":"Thompson Bros","item_variant":"70cl / 46%","item_category":"","item_category2":"0","item_category3":"Blended Scotch Whisky","item_category4":"Thompson Bros","item_category5":"","item_list_name":"Product Listing Page 2","item_list_id":"product_listing_page_2","index":19},{"item_id":"9141","item_name":"Deanston 12 Year Old / Unchillfiltered","price":33.29,"item_brand":"Deanston","item_variant":"70cl / 46.3%","item_category":"Scotch Whisky","item_category2":"Single Malt Scotch Whisky","item_category3":"Highland","item_category4":"Deanston","item_category5":"Special Offer: £6 Off!","item_list_name":"Product Listing Page 2","item_list_id":"product_listing_page_2","index":20},{"item_id":"2400","item_name":"Glenlivet 15 Year Old / French Oak Reserve","price":51.62,"item_brand":"Glenlivet","item_variant":"70cl / 40%","item_category":"Scotch Whisky","item_category2":"Single Malt Scotch Whisky","item_category3":"Speyside","item_category4":"Glenlivet","item_category5":"Special Offer: £6.70 Off!","item_list_name":"Product Listing Page 2","item_list_id":"product_listing_page_2","index":21},{"item_id":"4837","item_name":"Talisker 10 Year Old","price":39.38,"item_brand":"Talisker","item_variant":"70cl / 45.8%","item_category":"Scotch Whisky","item_category2":"Single Malt Scotch Whisky","item_category3":"Island","item_category4":"Talisker","item_category5":"","item_list_name":"Product Listing Page 2","item_list_id":"product_listing_page_2","index":22},{"item_id":"34496","item_name":"Glenfiddich Project XX / Experimental Series","price":46.88,"item_brand":"Glenfiddich","item_variant":"70cl / 47%","item_category":"Scotch Whisky","item_category2":"Single Malt Scotch Whisky","item_category3":"Speyside","item_category4":"Glenfiddich","item_category5":"Special Offer: Free Glenfiddich Project XX Glass","item_list_name":"Product Listing Page 2","item_list_id":"product_listing_page_2","index":23},{"item_id":"13626","item_name":"Bunnahabhain 18 Year Old","price":110.00,"item_brand":"Bunnahabhain","item_variant":"70cl / 46.3%","item_category":"Scotch Whisky","item_category2":"Single Malt Scotch Whisky","item_category3":"Islay","item_category4":"Bunnahabhain","item_category5":"","item_list_name":"Product Listing Page 2","item_list_id":"product_listing_page_2","index":24}];if(items&&items.length)
{_gaq.push(['trackViewItemList',items,true]);}}</script></div><footer role="contentinfo" itemscope="" itemtype="http://schema.org/WPFooter" id="footer" class="footer lazy-loading" data-countrycode="SK"><div class="footer-maillist"><input class="js-footer-maillist__token" type="hidden" value="1d00c600e900ed00fe009900d30044008c007600ad0058001a00ce00e40049001b006500"> <input class="js-footer-maillist__data" type="hidden" value="[{
	&quot;footerSubscriptionSource&quot;: &quot;twe-website-footer&quot;,
	&quot;footerMaillistSettings&quot;: {
		&quot;footerMaillistTitle&quot;: &quot;Stay Up To Date&quot;,
		&quot;footerMaillistCopy&quot;: &quot;Get new and exclusive releases, special offers and inspiring ideas direct to your inbox&quot;,
		&quot;footerMaillistCta&quot;: &quot;Sign Up To Our Newsletter&quot;
	},
	&quot;modalSettings&quot;: {
		&quot;modalTitle&quot;: &quot;The Whisky Exchange Newsletter&quot;,
		&quot;modalDescription&quot;: &quot;Sign up to our newsletter by entering your email address below. You can unsubscribe at any time.&quot;,
		&quot;modalDesktopImage&quot;: &quot;/media/rtwe/assets/application/images/footer/twe-newsletter-xmas.jpg&quot;,
		&quot;modalMobileImage&quot;: &quot;/media/rtwe/assets/application/images/footer/twe-newsletter-mobile-xmas.jpg&quot;,
		&quot;mailingListCheckboxes&quot;: [
			{
				&quot;mailingListId&quot;: 3,
				&quot;labelCopy&quot;: &quot;Also subscribe to the Old &amp; Rare newsletter&quot;,
				&quot;isChecked&quot;: false,
				&quot;isVisible&quot;: true,
				&quot;isMandatory&quot;: false
			},
			{
				&quot;mailingListId&quot;: 1,
				&quot;labelCopy&quot;: &quot;I accept the <a href=\&quot;/customerservice/legal-terms\&quot; target=\&quot;_blank\&quot; title=\&quot;terms &amp; conditions\&quot;>terms &amp; conditions</a> and <a href=\&quot;/customerservice/legal-privacy\&quot; target=\&quot;_blank\&quot; title=\&quot;privacy policy\&quot;>privacy policy</a>&quot;,
				&quot;isChecked&quot;: false,
				&quot;isVisible&quot;: true,
				&quot;isMandatory&quot;: true
			}
		]
	}
}]"><div class="footer-maillist__container"><div class="footer-maillist__content js-footer-maillist__content"><h3 class="footer-maillist__title js-footer-maillist__title"><span class="inner">Stay Up To Date</span></h3><p class="footer-maillist__text js-footer-maillist__text">Get new and exclusive releases, special offers and inspiring ideas direct to your inbox</p></div><button class="footer-maillist__button js-footer-maillist__button cta-button cta-button--regular cta-button--alpha" type="submit" onclick="_gaq.push(['footerNavigationClickLink',this.innerText,''])">Sign Up To Our Newsletter</button></div></div><div class="footer-content"><div class="footer-content__container"><section class="footer-content__section footer-content__section--help"><h3 class="footer-content__title js-footer-content__title"><span>Help &amp; Support</span> <i class="footer-content__expand fal fa-plus"></i></h3><div class="footer-content__list"><a class="footer-content__link" href="/customerservice/help-ordertracking" onclick="_gaq.push(['footerNavigationClickLink',this.innerText,''])" title="Track Your Order">Track Your Order</a> <a class="footer-content__link" href="/customerservice/help-ordersupport" onclick="_gaq.push(['footerNavigationClickLink',this.innerText,''])" title="Order Related Queries">Order Related Queries</a> <a class="footer-content__link" href="/customerservice/help-productsupport" onclick="_gaq.push(['footerNavigationClickLink',this.innerText,''])" title="Product Queries">Product Queries</a> <a class="footer-content__link" href="/customerservice/help-technicalsupport" onclick="_gaq.push(['footerNavigationClickLink',this.innerText,''])" title="Technical Queries">Technical Queries</a> <a class="footer-content__link" href="/customerservice/help-generalsupport" onclick="_gaq.push(['footerNavigationClickLink',this.innerText,''])" title="General Queries">General Queries</a> <a class="footer-content__link" href="/wanted" onclick="_gaq.push(['footerNavigationClickLink','Footer-Links-Help',this.innerText,''])" title="Valuations">Valuations</a> <a class="footer-content__link" href="/customerservice/help-complaintsprocess" onclick="_gaq.push(['footerNavigationClickLink',this.innerText,''])" title="Complaints">Complaints</a></div></section><section class="footer-content__section footer-content__section--delivery"><h3 class="footer-content__title js-footer-content__title"><span>Delivery &amp; Returns</span> <i class="footer-content__expand fal fa-plus"></i></h3><div class="footer-content__list"><a class="footer-content__link" href="/customerservice/delivery-charges" onclick="_gaq.push(['footerNavigationClickLink',this.innerText,''])" title="Delivery Charges">Delivery Charges</a> <a class="footer-content__link" href="/customerservice/delivery-information" onclick="_gaq.push(['footerNavigationClickLink',this.innerText,''])" title="Delivery Information">Delivery Information</a> <a class="footer-content__link" href="/customerservice/delivery-insurance" onclick="_gaq.push(['footerNavigationClickLink',this.innerText,''])" title="Insurance Charges">Insurance Charges</a> <a class="footer-content__link" href="/customerservice/delivery-customs" onclick="_gaq.push(['footerNavigationClickLink',this.innerText,''])" title="Custom &amp; Import Duties">Custom &amp; Import Duties</a> <a class="footer-content__link" href="/customerservice/delivery-returns" onclick="_gaq.push(['footerNavigationClickLink',this.innerText,''])" title="Returns &amp; Cancellations">Returns &amp; Cancellations</a> <a class="footer-content__link" href="/customerservice/delivery-damaged" onclick="_gaq.push(['footerNavigationClickLink',this.innerText,''])" title="Damaged &amp; Wrong Goods">Damaged &amp; Wrong Goods</a> <a class="footer-content__link" href="/customerservice/delivery-packaging" onclick="_gaq.push(['footerNavigationClickLink',this.innerText,''])" title="Our Packaging">Our Packaging</a></div></section><section class="footer-content__section footer-content__section--contact"><h3 class="footer-content__title js-footer-content__title"><span>Contact Us</span> <i class="footer-content__expand fal fa-plus"></i></h3><div class="footer-content__list"><a class="footer-content__link" href="/customerservice/contact-headoffice" onclick="_gaq.push(['footerNavigationClickLink',this.innerText,''])" title="Head Office">Head Office</a> <a class="footer-content__link" href="/spirits-concierge" onclick="_gaq.push(['footerNavigationClickLink',this.innerText,''])" title="Spirits Concierge">Spirits Concierge</a> <a class="footer-content__link" href="/customerservice/contact-phone" onclick="_gaq.push(['footerNavigationClickLink',this.innerText,'')" title="Order By Phone">Order By Phone</a> <a class="footer-content__link" href="/customerservice/contact-trade" onclick="_gaq.push(['footerNavigationClickLink',this.innerText,''])" title="Trade Enquiries">Trade Enquiries</a> <a class="footer-content__link" href="/customerservice/contact-press" onclick="_gaq.push(['footerNavigationClickLink',this.innerText,''])" title="Press Enquiries">Press Enquiries</a> <a class="footer-content__link" href="/customerservice/contact-shop" onclick="_gaq.push(['footerNavigationClickLink',this.innerText,''])" title="Central London Shops">Central London Shops</a></div></section><section class="footer-content__section footer-content__section--legal"><h3 class="footer-content__title js-footer-content__title"><span>Legal Information</span> <i class="fal fa-plus footer-content__expand"></i></h3><div class="footer-content__list"><a class="footer-content__link" href="/customerservice/legal-terms" onclick="_gaq.push(['footerNavigationClickLink',this.innerText,''])" title="Terms &amp; Conditions">Terms &amp; Conditions</a> <a class="footer-content__link" href="/customerservice/legal-privacy" onclick="_gaq.push(['footerNavigationClickLink',this.innerText,''])" title="Privacy Policy">Privacy Policy</a> <a class="footer-content__link" href="/customerservice/legal-cookiepolicy" onclick="_gaq.push(['footerNavigationClickLink',this.innerText,''])" title="Cookie Policy">Cookie Policy</a> <a class="footer-content__link" href="/customerservice/legal-antislaverypolicy" onclick="_gaq.push(['footerNavigationClickLink',this.innerText,''])" title="Anti-Slavery Policy">Modern Slavery Statement</a> <a class="footer-content__link" href="/customerservice/legal-disclaimer" onclick="_gaq.push(['footerNavigationClickLink',this.innerText,''])" title="Disclaimer">Disclaimer</a></div></section><section class="footer-content__section footer-content__section--shops"><h3 class="footer-content__title js-footer-content__title"><span>Our Shops</span> <i class="footer-content__expand fal fa-plus"></i></h3><div class="footer-content__list"><a class="footer-content__link" href="/shops/explore" onclick="_gaq.push(['footerNavigationClickLink',this.innerText,''])" title="Explore Before You Visit">Explore Before You Visit</a> <a class="footer-content__link" href="/shops/greatportlandstreet" onclick="_gaq.push(['footerNavigationClickLink',this.innerText,''])" title="Great Portland Street Shop">Great Portland Street Shop</a> <a class="footer-content__link" href="/shops/coventgarden" onclick="_gaq.push(['footerNavigationClickLink',this.innerText,''])" title="Covent Garden Shop">Covent Garden Shop</a> <a class="footer-content__link" href="/shops/londonbridge" onclick="_gaq.push(['footerNavigationClickLink',this.innerText,''])" title="London Bridge Shop">London Bridge Shop</a></div></section><section class="footer-content__section footer-content__section--shopping"><h3 class="footer-content__title js-footer-content__title"><span>Shopping With Us</span> <i class="footer-content__expand fal fa-plus"></i></h3><div class="footer-content__list"><a class="footer-content__link" href="/customerservice/shopping-payment" onclick="_gaq.push(['footerNavigationClickLink',this.innerText,''])" title="Payment Options">Payment Options</a> <a class="footer-content__link" href="/customerservice/shopping-order" onclick="_gaq.push(['footerNavigationClickLink',this.innerText,''])" title="Placing Your Order">Placing Your Order</a> <a class="footer-content__link" href="/customerservice/shopping-security" onclick="_gaq.push(['footerNavigationClickLink',this.innerText,''])" title="Security &amp; Privacy">Security &amp; Privacy</a> <a class="footer-content__link" href="/customerservice/site-map" onclick="_gaq.push(['footerNavigationClickLink',this.innerText,''])" title="Site Map">Site Map</a> <a class="footer-content__link" href="https://blog.thewhiskyexchange.com/" onclick="_gaq.push(['footerNavigationClickLink',this.innerText,''])" title="The Whisky Exchange Blog" target="_blank" rel="noopener">TWE Blog</a></div></section><section class="footer-content__section footer-content__section--unique"><h3 class="footer-content__title js-footer-content__title"><span>Unique To Us</span> <i class="footer-content__expand fal fa-plus"></i></h3><div class="footer-content__list"><a class="footer-content__link" href="/giftcard" onclick="_gaq.push(['footerNavigationClickLink',this.innerText,''])" title="eGift Cards">eGift Cards</a> <a class="footer-content__link" href="/personalisedlabels" onclick="_gaq.push(['footerNavigationClickLink',this.innerText,''])" title="Personalised Labels">Personalised Labels</a> <a class="footer-content__link" href="/feature/engraving" onclick="_gaq.push(['footerNavigationClickLink',this.innerText,''])" title="Personalised Engraving">Personalised Engraving</a> <a class="footer-content__link" href="/feature/exclusivetous" onclick="_gaq.push(['footerNavigationClickLink',this.innerText,''])" title="Exclusive Bottlings">Exclusive Bottlings</a> <a class="footer-content__link" href="/c/803/samples" onclick="_gaq.push(['footerNavigationClickLink',this.innerText,''])" title="Perfect Measure Samples">Perfect Measure Samples</a></div></section><section class="footer-content__section footer-content__section--about"><h3 class="footer-content__title js-footer-content__title"><span>About Us</span> <i class="footer-content__expand fal fa-plus"></i></h3><div class="footer-content__list"><a class="footer-content__link" href="/about/company" onclick="_gaq.push(['footerNavigationClickLink',this.innerText,''])" title="Our Company">Our Company</a> <a class="footer-content__link" href="/about/history" onclick="_gaq.push(['footerNavigationClickLink',this.innerText,''])" title="Our History">Our History</a> <a class="footer-content__link" href="/about/milestones" onclick="_gaq.push(['footerNavigationClickLink',this.innerText,''])" title="Milestones &amp; Achievements">Milestones &amp; Achievements</a> <a class="footer-content__link" href="/about/awards" onclick="_gaq.push(['footerNavigationClickLink',this.innerText,''])" title="Awards">Awards</a> <a class="footer-content__link" href="/about/charity" onclick="_gaq.push(['footerNavigationClickLink',this.innerText,''])" title="Charity">Charity</a> <a class="footer-content__link" href="/about/sustainability" onclick="_gaq.push(['footerNavigationClickLink',this.innerText,''])" title="Sustainability">Sustainability</a> <a class="footer-content__link" href="/about/responsibledrinking" onclick="_gaq.push(['footerNavigationClickLink',this.innerText,''])" title="Responsible Drinking">Responsible Drinking</a> <a class="footer-content__link" href="/shops" onclick="_gaq.push(['footerNavigationClickLink',this.innerText,''])" title="Shops">Shops</a> <a class="footer-content__link" href="/about/events" onclick="_gaq.push(['footerNavigationClickLink',this.innerText,''])" title="Events">Events</a> <a class="footer-content__link" href="/about/trade" onclick="_gaq.push(['footerNavigationClickLink',this.innerText,''])" title="Trade Customers">Trade Customers</a> <a class="footer-content__link" href="/about/reviews" onclick="_gaq.push(['footerNavigationClickLink',this.innerText,''])" title="Customer Reviews">Customer Reviews</a> <a class="footer-content__link" href="/about/careers" onclick="_gaq.push(['footerNavigationClickLink',this.innerText,''])" title="Careers">Careers</a></div></section><section class="footer-content__section footer-content__section--security"><h3 class="footer-content__title js-footer-content__title"><span>Safe &amp; Secure</span> <i class="footer-content__expand fal fa-plus"></i></h3><div class="footer-content__list"><div class="footer-content__item"><h4 class="footer-content__sub-title">Identity Verified By</h4><a class="footer-content__link--verified" href="https://trustsealinfo.websecurity.norton.com/splash?form_file=fdf/splash.fdf&amp;dn=www.thewhiskyexchange.com&amp;lang=en" onclick="_gaq.push(['footerNavigationClickLink','','Verisign Trusted'])" title="Verisign Trusted" target="_blank" rel="noopener"> <img class="footer-content__image" loading="lazy" src="/cdn-cgi/image/fit=scale-down,width=81,metadata=none,format=webp/media/rtwe/assets/application/images/footer/icon__norton2.png?t=07042020" data-original="/media/rtwe/assets/application/images/footer/icon__norton2.png?t=07042020" alt="Norton Secured Seal" width="81" height="44"> </a></div><div class="footer-content__item"><h4 class="footer-content__sub-title">Payment Provider</h4><img class="footer-content__image" loading="lazy" src="/cdn-cgi/image/fit=scale-down,width=31,metadata=none,format=webp/media/rtwe/assets/application/images/footer/icon__worldpay2.png?t=07042020" data-original="/media/rtwe/assets/application/images/footer/icon__worldpay2.png?t=07042020" alt="World Pay" width="31" height="30"> <img class="footer-content__image" loading="lazy" src="/cdn-cgi/image/fit=scale-down,width=81,metadata=none,format=webp/media/rtwe/assets/application/images/footer/icon__amazon2.png?t=07042020" data-original="/media/rtwe/assets/application/images/footer/icon__amazon2.png?t=07042020" alt="Amazon Pay" width="81" height="20"></div><div class="footer-content__item"><h4 class="footer-content__sub-title">We Accept</h4><img class="footer-content__image" loading="lazy" src="/cdn-cgi/image/fit=scale-down,width=34,metadata=none,format=webp/media/rtwe/assets/application/images/footer/icon__payment-visa.png?t=07042020" data-original="/media/rtwe/assets/application/images/footer/icon__payment-visa.png?t=07042020" alt="Visa" width="34" height="23"> <img class="footer-content__image" loading="lazy" src="/cdn-cgi/image/fit=scale-down,width=34,metadata=none,format=webp/media/rtwe/assets/application/images/footer/icon__payment-mastercard.png?t=07042020" data-original="/media/rtwe/assets/application/images/footer/icon__payment-mastercard.png?t=07042020" alt="Mastercard" width="34" height="23"> <img class="footer-content__image" loading="lazy" src="/cdn-cgi/image/fit=scale-down,width=34,metadata=none,format=webp/media/rtwe/assets/application/images/footer/icon__payment-american.png?t=07042020" data-original="/media/rtwe/assets/application/images/footer/icon__payment-american.png?t=07042020" alt="American Express" width="34" height="23"> <img class="footer-content__image" loading="lazy" src="/cdn-cgi/image/fit=scale-down,width=34,metadata=none,format=webp/media/rtwe/assets/application/images/footer/icon__payment-paypal.png?t=07042020" data-original="/media/rtwe/assets/application/images/footer/icon__payment-paypal.png?t=07042020" alt="PayPal" width="34" height="23"></div></div></section><section class="footer-content__section footer-content__section--social"><h3 class="footer-content__title js-footer-content__title"><span>Keep In Touch</span> <i class="footer-content__expand fal fa-plus"></i></h3><div class="footer-content__list"><div class="footer-content__item"><h4 class="footer-content__sub-title">Social</h4><div class="footer-content__social-container"><a class="footer-content__social-link" href="https://www.facebook.com/thewhiskyexchange" onclick="_gaq.push(['footerNavigationClickLink','','facebook'])" target="_blank" rel="noopener" title="The Whisky Exchange Facebook"> <i class="fab fa-facebook-square"></i> </a> <a class="footer-content__social-link" href="https://twitter.com/WhiskyExchange" onclick="_gaq.push(['footerNavigationClickLink','','twitter'])" target="_blank" rel="noopener" title="The Whisky Exchange Twitter"> <i class="fab fa-twitter-square"></i> </a> <a class="footer-content__social-link" href="https://www.instagram.com/whiskyexchange/" onclick="_gaq.push(['footerNavigationClickLink','','instagram'])" target="_blank" rel="noopener" title="The Whisky Exchange Instagram"> <i class="fab fa-instagram-square"></i> </a> <a class="footer-content__social-link" href="https://www.youtube.com/c/whiskyexchange" onclick="_gaq.push(['footerNavigationClickLink','','youtube'])" target="_blank" rel="noopener" title="The Whisky Exchange Youtube"> <i class="fab fa-youtube-square"></i> </a></div></div><div class="footer-content__item"><h4 class="footer-content__sub-title">Reviews</h4><a class="footer-content__link" href="/about/reviews/" onclick="_gaq.push(['footerNavigationClickLink','','trustpilot'])" title="The Whisky Exchange Trust Pilot Reviews"> <img class="footer-content__image" loading="lazy" src="/cdn-cgi/image/fit=scale-down,width=78,metadata=none,format=webp/media/rtwe/assets/application/images/footer/trust-pilot.png" data-original="/media/rtwe/assets/application/images/footer/trust-pilot.png" alt="Trust Pilot" width="78" height="19"> <br> <img class="footer-content__image" loading="lazy" src="/cdn-cgi/image/fit=scale-down,width=68,metadata=none,format=webp/media/rtwe/assets/application/images/footer/stars.png" data-original="/media/rtwe/assets/application/images/footer/stars.png" alt="Trust Pilot" width="68" height="12"><p class="footer-content__copy footer-content__copy--alt"><strong>44000+</strong> Reviews</p><p class="footer-content__copy">Rated excellent by our customers</p></a></div></div></section></div></div><div class="footer-copyright"><p class="footer-copyright__drinkaware">Enjoy responsibly <br> <a class="footer-copyright__drinkaware-link" href="https://www.drinkaware.co.uk/" onclick="_gaq.push(['footerNavigationClickLink',this.innerText,''])" title="www.drinkaware.co.uk" target="_blank" rel="noopener">drinkaware.co.uk</a></p><p class="footer-copyright__text">Copyright © The Whisky Exchange 1999-2024. All Rights&nbsp;Reserved. <br> The Whisky Exchange is the registered trademark of Speciality Drinks&nbsp;Limited. <br> Registered in England and Wales (Company No. 4449145). Registered Office: Elixir House, Whitby Avenue, Park Royal, London NW10 7SF,&nbsp;UK.</p></div></footer><a href="#" id="tweScrollTop" title="Scroll to top"> <span class="text">Scroll To Top</span> <span class="icon"><i class="fa fa-chevron-up"></i></span> </a></div><div class="modal-container js-twe__modals"></div><div id="mobile-navbar" data-navigation="[ { &quot;name&quot;: &quot;Christmas Gifts&quot;, &quot;link&quot;: &quot;/gift-ideas&quot; ,&quot;children&quot;: [ { &quot;name&quot;: &quot;Shop All Christmas&quot;, &quot;link&quot;: &quot;/gift-ideas&quot; }, { &quot;name&quot;: &quot;Christmas Favourites&quot;, &quot;link&quot;: &quot;#&quot; ,&quot;children&quot;: [ { &quot;name&quot;: &quot;Luxury Gifts&quot;, &quot;link&quot;: &quot;/d/552/luxury-spirits-gifts&quot; }, { &quot;name&quot;: &quot;Perfect Measures&quot;, &quot;link&quot;: &quot;/c/803/samples&quot; }, { &quot;name&quot;: &quot;Latest Exclusives&quot;, &quot;link&quot;: &quot;/exclusive-to-us&quot; }, { &quot;name&quot;: &quot;Gifts Under £100&quot;, &quot;link&quot;: &quot;/d/699/gifts-under-100&quot; }, { &quot;name&quot;: &quot;Personalised Engraving&quot;, &quot;link&quot;: &quot;/feature/engraving&quot; }, { &quot;name&quot;: &quot;Personalised Labels&quot;, &quot;link&quot;: &quot;/personalisedlabels&quot; }] }, { &quot;name&quot;: &quot;Our Top Picks&quot;, &quot;link&quot;: &quot;#&quot; ,&quot;children&quot;: [ { &quot;name&quot;: &quot;Top 10 Whiskies&quot;, &quot;link&quot;: &quot;/d/872/top-10-whiskies&quot; }, { &quot;name&quot;: &quot;Top 10 Cognacs&quot;, &quot;link&quot;: &quot;/d/871/top-10-cognacs&quot; }, { &quot;name&quot;: &quot;Top 10 Rums&quot;, &quot;link&quot;: &quot;/d/873/top-10-rums&quot; }, { &quot;name&quot;: &quot;Top 10 Gins&quot;, &quot;link&quot;: &quot;/d/874/top-10-gins&quot; }, { &quot;name&quot;: &quot;More Top 10 picks&quot;, &quot;link&quot;: &quot;/top-picks&quot; }] }, { &quot;name&quot;: &quot;Festive Highlights&quot;, &quot;link&quot;: &quot;#&quot; ,&quot;children&quot;: [ { &quot;name&quot;: &quot;Festive fizz&quot;, &quot;link&quot;: &quot;/d/997/festive-fizz&quot; }, { &quot;name&quot;: &quot;Unique Gifts&quot;, &quot;link&quot;: &quot;/d/1206/unique-gifts&quot; }, { &quot;name&quot;: &quot;Festive Special Offers&quot;, &quot;link&quot;: &quot;/specialoffers&quot; }] }, { &quot;name&quot;: &quot;Gift Sets&quot;, &quot;link&quot;: &quot;/giftsets&quot; }, { &quot;name&quot;: &quot;Christmas Whisky&quot;, &quot;link&quot;: &quot;/p/81786/a-good-old-fashioned-christmas-whisky-15-year-old-2024-edition&quot; }, { &quot;name&quot;: &quot;Advent Calendars&quot;, &quot;link&quot;: &quot;/d/1108/advent-calendars&quot; }, { &quot;name&quot;: &quot;Christmas Offers&quot;, &quot;link&quot;: &quot;/specialoffers&quot; }, { &quot;name&quot;: &quot;EGift Cards&quot;, &quot;link&quot;: &quot;/giftcard?occasion=christmas&quot; }] }, { &quot;name&quot;: &quot;New In &amp; Exclusive&quot;, &quot;link&quot;: &quot;/new-in-and-exclusives&quot; ,&quot;children&quot;: [ { &quot;name&quot;: &quot;New In &amp; Exclusives&quot;, &quot;link&quot;: &quot;/new-in-and-exclusives&quot; }, { &quot;name&quot;: &quot;New In&quot;, &quot;link&quot;: &quot;#&quot; ,&quot;children&quot;: [ { &quot;name&quot;: &quot;New Products&quot;, &quot;link&quot;: &quot;/new-products&quot; }, { &quot;name&quot;: &quot;New Whisky&quot;, &quot;link&quot;: &quot;/new-products/standard-whisky/&quot; }, { &quot;name&quot;: &quot;New Spirits &amp; Liqueurs&quot;, &quot;link&quot;: &quot;/new-products/spirits-and-liqueurs/&quot; }, { &quot;name&quot;: &quot;New Champagne, Wine &amp; Beer&quot;, &quot;link&quot;: &quot;/new-products/champagne-wine-and-beer/&quot; }, { &quot;name&quot;: &quot;New Miniatures &amp; Samples&quot;, &quot;link&quot;: &quot;/new-products/miniatures-and-samples&quot; }, { &quot;name&quot;: &quot;New Old &amp; Rare Whisky&quot;, &quot;link&quot;: &quot;/new-products/old-and-rare-whisky&quot; }, { &quot;name&quot;: &quot;New Antique Spirits&quot;, &quot;link&quot;: &quot;/new-products/antique-spirits&quot; }] }, { &quot;name&quot;: &quot;Exclusives&quot;, &quot;link&quot;: &quot;#&quot; ,&quot;children&quot;: [ { &quot;name&quot;: &quot;Latest Exclusives&quot;, &quot;link&quot;: &quot;/exclusive-to-us&quot; }, { &quot;name&quot;: &quot;Scotch Whisky&quot;, &quot;link&quot;: &quot;/d/660/scotch-whisky-exclusives&quot; }, { &quot;name&quot;: &quot;World Whisky&quot;, &quot;link&quot;: &quot;/d/802/world-whisky-exclusives&quot; }, { &quot;name&quot;: &quot;Rum&quot;, &quot;link&quot;: &quot;/d/841/exclusive-bottlings?category=Rum&quot; }, { &quot;name&quot;: &quot;Other Spirits&quot;, &quot;link&quot;: &quot;/d/1039/spirits-exclusives&quot; }] }, { &quot;name&quot;: &quot;Inspire Me&quot;, &quot;link&quot;: &quot;#&quot; ,&quot;children&quot;: [ { &quot;name&quot;: &quot;Drink Sustainably&quot;, &quot;link&quot;: &quot;/drinksustainably&quot; }, { &quot;name&quot;: &quot;20 Whiskies Tasting Set&quot;, &quot;link&quot;: &quot;/p/68832/20-whiskies-that-changed-the-world-tasting-set-2023-edition-20x3cl&quot; }, { &quot;name&quot;: &quot;Tequila vs Mezcal&quot;, &quot;link&quot;: &quot;/feature/tequilavsmezcal&quot; }, { &quot;name&quot;: &quot;Cocktail recipes&quot;, &quot;link&quot;: &quot;/cocktails&quot; }, { &quot;name&quot;: &quot;TWE Blog&quot;, &quot;link&quot;: &quot;https://blog.thewhiskyexchange.com&quot; ,&quot;target&quot;: &quot;_blank&quot; }] }, { &quot;name&quot;: &quot;Whisky of the Month&quot;, &quot;link&quot;: &quot;/productsofthemonth&quot; }, { &quot;name&quot;: &quot;Spirit of the month&quot;, &quot;link&quot;: &quot;/productsofthemonth&quot; }, { &quot;name&quot;: &quot;Wine of the month&quot;, &quot;link&quot;: &quot;/productsofthemonth&quot; }, { &quot;name&quot;: &quot;Whisky of the Year&quot;, &quot;link&quot;: &quot;/feature/whisky-of-the-year&quot; }, { &quot;name&quot;: &quot;Spirit of the Year&quot;, &quot;link&quot;: &quot;/feature/spirit-of-the-year&quot; }, { &quot;name&quot;: &quot;New Wave Whisky of the Year&quot;, &quot;link&quot;: &quot;/feature/new-wave-whisky-of-the-year&quot; }] }, { &quot;name&quot;: &quot;Scotch Whisky&quot;, &quot;link&quot;: &quot;/scotch-whisky&quot; ,&quot;children&quot;: [ { &quot;name&quot;: &quot;Scotch Whisky&quot;, &quot;link&quot;: &quot;/scotch-whisky&quot; }, { &quot;name&quot;: &quot;Shop By Type&quot;, &quot;link&quot;: &quot;#&quot; ,&quot;children&quot;: [ { &quot;name&quot;: &quot;Single Malt Whisky&quot;, &quot;link&quot;: &quot;/c/40/single-malt-scotch-whisky&quot; ,&quot;children&quot;: [ { &quot;name&quot;: &quot;All Single Malt Whisky&quot;, &quot;link&quot;: &quot;/c/40/single-malt-scotch-whisky&quot; }, { &quot;name&quot;: &quot;Campbeltown&quot;, &quot;link&quot;: &quot;/c/316/campbeltown-single-malt-scotch-whisky&quot; }, { &quot;name&quot;: &quot;Highland&quot;, &quot;link&quot;: &quot;/c/313/highland-single-malt-scotch-whisky&quot; }, { &quot;name&quot;: &quot;Island&quot;, &quot;link&quot;: &quot;/c/315/island-single-malt-scotch-whisky&quot; }, { &quot;name&quot;: &quot;Islay&quot;, &quot;link&quot;: &quot;/c/50/islay-single-malt-scotch-whisky&quot; }, { &quot;name&quot;: &quot;Lowland&quot;, &quot;link&quot;: &quot;/c/312/lowland-single-malt-scotch-whisky&quot; }, { &quot;name&quot;: &quot;Speyside&quot;, &quot;link&quot;: &quot;/c/314/speyside-single-malt-scotch-whisky&quot; }] }, { &quot;name&quot;: &quot;Blended Whisky&quot;, &quot;link&quot;: &quot;/c/304/blended-scotch-whisky&quot; }, { &quot;name&quot;: &quot;Blended Malt&quot;, &quot;link&quot;: &quot;/c/309/blended-malt-scotch-whisky&quot; }, { &quot;name&quot;: &quot;Grain Whisky&quot;, &quot;link&quot;: &quot;/c/310/grain-scotch-whisky&quot; }] }, { &quot;name&quot;: &quot;Shop By Flavour&quot;, &quot;link&quot;: &quot;#&quot; ,&quot;children&quot;: [ { &quot;name&quot;: &quot;Dried Fruit and Nut&quot;, &quot;link&quot;: &quot;/d/738/dried-fruit-and-nut&quot; }, { &quot;name&quot;: &quot;Elegant and Floral&quot;, &quot;link&quot;: &quot;/d/740/elegant-and-floral&quot; }, { &quot;name&quot;: &quot;Fresh Fruit and Vanilla&quot;, &quot;link&quot;: &quot;/d/741/fresh-fruit-and-vanilla&quot; }, { &quot;name&quot;: &quot;Malt and Honey&quot;, &quot;link&quot;: &quot;/d/742/malt-and-honey&quot; }, { &quot;name&quot;: &quot;Maritime and Smoky&quot;, &quot;link&quot;: &quot;/d/743/maritime-and-smoky&quot; }, { &quot;name&quot;: &quot;Peat and Fruit&quot;, &quot;link&quot;: &quot;/d/744/peat-and-fruit&quot; }, { &quot;name&quot;: &quot;Rich and Peaty&quot;, &quot;link&quot;: &quot;/d/745/rich-and-peaty&quot; }, { &quot;name&quot;: &quot;Rich Fruit and Spice&quot;, &quot;link&quot;: &quot;/d/746/rich-fruit-and-spice&quot; }] }, { &quot;name&quot;: &quot;Shop By Brand&quot;, &quot;link&quot;: &quot;#&quot; ,&quot;children&quot;: [ { &quot;name&quot;: &quot;Inchdairnie&quot;, &quot;link&quot;: &quot;/b/40/inchdairnie-single-malt-scotch-whisky&quot; }, { &quot;name&quot;: &quot;Caol Ila&quot;, &quot;link&quot;: &quot;/b/40/caol-ila-single-malt-scotch-whisky&quot; }, { &quot;name&quot;: &quot;Cardhu&quot;, &quot;link&quot;: &quot;/b/40/cardhu-single-malt-scotch-whisky&quot; }, { &quot;name&quot;: &quot;Dalmore&quot;, &quot;link&quot;: &quot;/b/40/dalmore-single-malt-scotch-whisky&quot; }, { &quot;name&quot;: &quot;Glenfarclas&quot;, &quot;link&quot;: &quot;/b/40/glenfarclas-single-malt-scotch-whisky&quot; }, { &quot;name&quot;: &quot;Glenlivet&quot;, &quot;link&quot;: &quot;/b/40/glenlivet-single-malt-scotch-whisky&quot; }, { &quot;name&quot;: &quot;Lagavulin&quot;, &quot;link&quot;: &quot;/b/40/lagavulin-single-malt-scotch-whisky&quot; }, { &quot;name&quot;: &quot;Laphroaig&quot;, &quot;link&quot;: &quot;/b/40/laphroaig-single-malt-scotch-whisky&quot; }, { &quot;name&quot;: &quot;Macallan&quot;, &quot;link&quot;: &quot;/b/40/macallan-single-malt-scotch-whisky&quot; }, { &quot;name&quot;: &quot;Oban&quot;, &quot;link&quot;: &quot;/b/40/oban-single-malt-scotch-whisky&quot; }, { &quot;name&quot;: &quot;All Scotch Whisky Brands&quot;, &quot;link&quot;: &quot;/brands/scotchwhisky&quot; }] }, { &quot;name&quot;: &quot;New In&quot;, &quot;link&quot;: &quot;/new-products/standard-whisky&quot; }, { &quot;name&quot;: &quot;Exclusives&quot;, &quot;link&quot;: &quot;/exclusive-to-us&quot; }, { &quot;name&quot;: &quot;Offers&quot;, &quot;link&quot;: &quot;/specialoffers/whisky&quot; }, { &quot;name&quot;: &quot;Top 10&quot;, &quot;link&quot;: &quot;/d/872/top-10-whiskies&quot; }, { &quot;name&quot;: &quot;Independent bottlings&quot;, &quot;link&quot;: &quot;/c/40/single-malt-scotch-whisky?bottler=Independent%2bBottling&quot; }, { &quot;name&quot;: &quot;Lost Distilleries of Scotland&quot;, &quot;link&quot;: &quot;/d/890/lost-distilleries&quot; }, { &quot;name&quot;: &quot;All Scotch Whiskies&quot;, &quot;link&quot;: &quot;/search/all/scotch-whisky&quot; }] }, { &quot;name&quot;: &quot;World Whisky&quot;, &quot;link&quot;: &quot;/world-whisky&quot; ,&quot;children&quot;: [ { &quot;name&quot;: &quot;World Whisky&quot;, &quot;link&quot;: &quot;/world-whisky&quot; }, { &quot;name&quot;: &quot;Shop By Type&quot;, &quot;link&quot;: &quot;#&quot; ,&quot;children&quot;: [ { &quot;name&quot;: &quot;Japanese Whisky&quot;, &quot;link&quot;: &quot;/c/35/japanese-whisky&quot; }, { &quot;name&quot;: &quot;Japanese World Blends&quot;, &quot;link&quot;: &quot;/c/1107/japanese-world-blends&quot; }, { &quot;name&quot;: &quot;American Whiskey&quot;, &quot;link&quot;: &quot;/c/33/american-whiskey&quot; }, { &quot;name&quot;: &quot;Canadian Whisky&quot;, &quot;link&quot;: &quot;/c/34/canadian-whisky&quot; }, { &quot;name&quot;: &quot;Indian Whisky&quot;, &quot;link&quot;: &quot;/c/317/indian-whisky&quot; }, { &quot;name&quot;: &quot;Irish Whiskey&quot;, &quot;link&quot;: &quot;/c/32/irish-whiskey&quot; }, { &quot;name&quot;: &quot;English Whisky&quot;, &quot;link&quot;: &quot;/c/493/english-whisky&quot; }, { &quot;name&quot;: &quot;Taiwanese Whisky&quot;, &quot;link&quot;: &quot;/c/540/taiwanese-whisky&quot; }, { &quot;name&quot;: &quot;Malt Spirits&quot;, &quot;link&quot;: &quot;/c/517/malt-spirits&quot; }, { &quot;name&quot;: &quot;Rest of the World&quot;, &quot;link&quot;: &quot;/c/305/rest-of-the-world-whisky&quot; }] }, { &quot;name&quot;: &quot;Shop By Flavour&quot;, &quot;link&quot;: &quot;#&quot; ,&quot;children&quot;: [ { &quot;name&quot;: &quot;Whisky By Flavour&quot;, &quot;link&quot;: &quot;/feature/whiskybyflavour&quot; ,&quot;children&quot;: [ { &quot;name&quot;: &quot;All Whisky By Flavour&quot;, &quot;link&quot;: &quot;/feature/whiskybyflavour&quot; }, { &quot;name&quot;: &quot;Dried Fruit and Nut&quot;, &quot;link&quot;: &quot;/d/738/dried-fruit-and-nut&quot; }, { &quot;name&quot;: &quot;Elegant and Floral&quot;, &quot;link&quot;: &quot;/d/740/elegant-and-floral&quot; }, { &quot;name&quot;: &quot;Fresh Fruit and Vanilla&quot;, &quot;link&quot;: &quot;/d/741/fresh-fruit-and-vanilla&quot; }, { &quot;name&quot;: &quot;Malt and Honey&quot;, &quot;link&quot;: &quot;/d/742/malt-and-honey&quot; }, { &quot;name&quot;: &quot;Maritime and Smoky&quot;, &quot;link&quot;: &quot;/d/743/maritime-and-smoky&quot; }, { &quot;name&quot;: &quot;Peat and Fruit&quot;, &quot;link&quot;: &quot;/d/744/peat-and-fruit&quot; }, { &quot;name&quot;: &quot;Rich and Peaty&quot;, &quot;link&quot;: &quot;/d/745/rich-and-peaty&quot; }, { &quot;name&quot;: &quot;Rich Fruit and Spice&quot;, &quot;link&quot;: &quot;/d/746/rich-fruit-and-spice&quot; }] }] }, { &quot;name&quot;: &quot;Shop By Brand&quot;, &quot;link&quot;: &quot;#&quot; ,&quot;children&quot;: [ { &quot;name&quot;: &quot;World Whisky Brands&quot;, &quot;link&quot;: &quot;#&quot; ,&quot;children&quot;: [ { &quot;name&quot;: &quot;Whistlepig&quot;, &quot;link&quot;: &quot;/b/33/whistlepig-american-whiskey&quot; }, { &quot;name&quot;: &quot;Four Roses&quot;, &quot;link&quot;: &quot;/b/33/four-roses-american-whiskey&quot; }, { &quot;name&quot;: &quot;Hibiki&quot;, &quot;link&quot;: &quot;/b/35/hibiki-japanese-whisky&quot; }, { &quot;name&quot;: &quot;Jack Daniel's&quot;, &quot;link&quot;: &quot;/b/33/jack-daniels-american-whiskey&quot; }, { &quot;name&quot;: &quot;Jameson&quot;, &quot;link&quot;: &quot;/b/32/jameson-irish-whiskey&quot; }, { &quot;name&quot;: &quot;Kanosuke&quot;, &quot;link&quot;: &quot;/b/35/kanosuke-japanese-whisky&quot; }, { &quot;name&quot;: &quot;Ki One&quot;, &quot;link&quot;: &quot;/b/305/ki-one-rest-of-the-world-whisky&quot; }, { &quot;name&quot;: &quot;Method and Madness&quot;, &quot;link&quot;: &quot;/b/32/method-and-madness-irish-whiskey&quot; }, { &quot;name&quot;: &quot;New Riff&quot;, &quot;link&quot;: &quot;/b/33/new-riff-american-whiskey&quot; }, { &quot;name&quot;: &quot;Woodford Reserve&quot;, &quot;link&quot;: &quot;/b/33/woodford-reserve-american-whiskey&quot; }] }, { &quot;name&quot;: &quot;All World Whisky Brands&quot;, &quot;link&quot;: &quot;/brands/worldwhisky&quot; }] }, { &quot;name&quot;: &quot;New In&quot;, &quot;link&quot;: &quot;/new-products/standard-whisky&quot; }, { &quot;name&quot;: &quot;Exclusives&quot;, &quot;link&quot;: &quot;/exclusive-to-us&quot; }, { &quot;name&quot;: &quot;Offers&quot;, &quot;link&quot;: &quot;/specialoffers/whisky&quot; }, { &quot;name&quot;: &quot;Top 10&quot;, &quot;link&quot;: &quot;/d/872/top-10-whiskies&quot; }, { &quot;name&quot;: &quot;20 Whiskies Tasting Set&quot;, &quot;link&quot;: &quot;/p/68832/20-whiskies-that-changed-the-world-tasting-set-2023-edition-20x3cl&quot; }, { &quot;name&quot;: &quot;All World Whiskies&quot;, &quot;link&quot;: &quot;/search/all/world-whisky&quot; }] }, { &quot;name&quot;: &quot;Spirits &amp; Liqueurs&quot;, &quot;link&quot;: &quot;/spirits-and-liqueurs&quot; ,&quot;children&quot;: [ { &quot;name&quot;: &quot;Spirits &amp; Liqueurs&quot;, &quot;link&quot;: &quot;/spirits-and-liqueurs&quot; }, { &quot;name&quot;: &quot;Shop By Type&quot;, &quot;link&quot;: &quot;#&quot; ,&quot;children&quot;: [ { &quot;name&quot;: &quot;Cognac&quot;, &quot;link&quot;: &quot;/c/351/cognac&quot; }, { &quot;name&quot;: &quot;Armagnac&quot;, &quot;link&quot;: &quot;/c/355/armagnac&quot; }, { &quot;name&quot;: &quot;Other Brandy&quot;, &quot;link&quot;: &quot;/c/367/brandy-marc-and-korn&quot; }, { &quot;name&quot;: &quot;Rum&quot;, &quot;link&quot;: &quot;/c/339/rum&quot; ,&quot;children&quot;: [ { &quot;name&quot;: &quot;All Rum&quot;, &quot;link&quot;: &quot;/c/339/rum&quot; }, { &quot;name&quot;: &quot;White&quot;, &quot;link&quot;: &quot;/c/340/white-rum&quot; }, { &quot;name&quot;: &quot;Golden&quot;, &quot;link&quot;: &quot;/c/518/golden-rum&quot; }, { &quot;name&quot;: &quot;Dark&quot;, &quot;link&quot;: &quot;/c/342/dark-rum&quot; }, { &quot;name&quot;: &quot;Spiced &amp; Flavoured&quot;, &quot;link&quot;: &quot;/c/589/spicedflavoured-rum&quot; }, { &quot;name&quot;: &quot;Rum By Flavour&quot;, &quot;link&quot;: &quot;/feature/rumbyflavour&quot; }] }, { &quot;name&quot;: &quot;Vodka&quot;, &quot;link&quot;: &quot;/c/335/vodka&quot; }, { &quot;name&quot;: &quot;Gin&quot;, &quot;link&quot;: &quot;/c/338/gin&quot; }, { &quot;name&quot;: &quot;Jenever&quot;, &quot;link&quot;: &quot;/c/623/jenever&quot; }, { &quot;name&quot;: &quot;Tequila&quot;, &quot;link&quot;: &quot;/c/359/tequila&quot; }, { &quot;name&quot;: &quot;Mezcal&quot;, &quot;link&quot;: &quot;/c/363/mezcal&quot; }, { &quot;name&quot;: &quot;Absinthe&quot;, &quot;link&quot;: &quot;/c/358/absinthe&quot; }, { &quot;name&quot;: &quot;Vermouth &amp; Aperitif&quot;, &quot;link&quot;: &quot;/c/365/vermouths-aperitifs-and-digestifs&quot; }, { &quot;name&quot;: &quot;Other Spirits&quot;, &quot;link&quot;: &quot;/c/366/other-spirits&quot; }, { &quot;name&quot;: &quot;Liqueurs&quot;, &quot;link&quot;: &quot;/c/343/liqueurs&quot; }] }, { &quot;name&quot;: &quot;Shop By Brand&quot;, &quot;link&quot;: &quot;#&quot; ,&quot;children&quot;: [ { &quot;name&quot;: &quot;Spirits Brands&quot;, &quot;link&quot;: &quot;#&quot; ,&quot;children&quot;: [ { &quot;name&quot;: &quot;Angostura&quot;, &quot;link&quot;: &quot;/b/345/angostura-bitters-and-sprays&quot; }, { &quot;name&quot;: &quot;Belvedere&quot;, &quot;link&quot;: &quot;/b/335/belvedere-vodka&quot; }, { &quot;name&quot;: &quot;Diplomatico&quot;, &quot;link&quot;: &quot;/b/339/diplomatico-rum&quot; }, { &quot;name&quot;: &quot;Hampden&quot;, &quot;link&quot;: &quot;/b/339/hampden-rum&quot; }, { &quot;name&quot;: &quot;Havana Club&quot;, &quot;link&quot;: &quot;/b/339/havana-club-rum&quot; }, { &quot;name&quot;: &quot;Irish Velvet&quot;, &quot;link&quot;: &quot;/b/343/irish-velvet-liqueurs&quot; }, { &quot;name&quot;: &quot;Jean-Luc Pasquet&quot;, &quot;link&quot;: &quot;/b/351/jean-luc-pasquet-cognac&quot; }, { &quot;name&quot;: &quot;Kraken&quot;, &quot;link&quot;: &quot;/b/339/kraken-rum&quot; }, { &quot;name&quot;: &quot;Polmos&quot;, &quot;link&quot;: &quot;/b/335/polmos-vodka&quot; }, { &quot;name&quot;: &quot;Pusser's&quot;, &quot;link&quot;: &quot;/b/339/pussers-rum&quot; }] }, { &quot;name&quot;: &quot;All Spirit Brands&quot;, &quot;link&quot;: &quot;/brands/spirits&quot; }] }, { &quot;name&quot;: &quot;New In&quot;, &quot;link&quot;: &quot;/new-products/spirits-and-liqueurs&quot; }, { &quot;name&quot;: &quot;Exclusives&quot;, &quot;link&quot;: &quot;/exclusive-to-us&quot; }, { &quot;name&quot;: &quot;Offers&quot;, &quot;link&quot;: &quot;/specialoffers/spirits&quot; }, { &quot;name&quot;: &quot;Top 10 Gins&quot;, &quot;link&quot;: &quot;/d/874/top-10-gins&quot; }, { &quot;name&quot;: &quot;Top 10 Rums&quot;, &quot;link&quot;: &quot;/d/873/top-10-rums&quot; }, { &quot;name&quot;: &quot;Top 10 Cognacs&quot;, &quot;link&quot;: &quot;/d/871/top-10-cognacs&quot; }, { &quot;name&quot;: &quot;Top 10 Tequilas&quot;, &quot;link&quot;: &quot;/d/1165/top-10-tequilas&quot; }, { &quot;name&quot;: &quot;Top 10 Mezcals&quot;, &quot;link&quot;: &quot;/d/1166/top-10-mezcals&quot; }, { &quot;name&quot;: &quot;All Spirits &amp; Liqueurs&quot;, &quot;link&quot;: &quot;/search/all/spirits-liqueurs&quot; }] }, { &quot;name&quot;: &quot;Wine&quot;, &quot;link&quot;: &quot;/wine-and-champagne&quot; ,&quot;children&quot;: [ { &quot;name&quot;: &quot;Wine&quot;, &quot;link&quot;: &quot;/wine-and-champagne&quot; }, { &quot;name&quot;: &quot;Shop By Type&quot;, &quot;link&quot;: &quot;#&quot; ,&quot;children&quot;: [ { &quot;name&quot;: &quot;Champagne&quot;, &quot;link&quot;: &quot;/c/330/champagne-sparkling-wine&quot; }, { &quot;name&quot;: &quot;World Sparkling Wine&quot;, &quot;link&quot;: &quot;/c/581/world-sparkling-wine&quot; }, { &quot;name&quot;: &quot;Rose Sparkling Wine&quot;, &quot;link&quot;: &quot;/c/730/rose-sparkling-wine&quot; }, { &quot;name&quot;: &quot;White Wine&quot;, &quot;link&quot;: &quot;/c/1094/white-wine&quot; }, { &quot;name&quot;: &quot;Red Wine&quot;, &quot;link&quot;: &quot;/c/465/red-wine&quot; }, { &quot;name&quot;: &quot;Rosé Wine&quot;, &quot;link&quot;: &quot;/c/1093/rose-wine&quot; }, { &quot;name&quot;: &quot;All Still Wine&quot;, &quot;link&quot;: &quot;/c/644/still-wine&quot; }, { &quot;name&quot;: &quot;Prosecco&quot;, &quot;link&quot;: &quot;/c/611/prosecco&quot; }, { &quot;name&quot;: &quot;Port&quot;, &quot;link&quot;: &quot;/c/380/port&quot; }, { &quot;name&quot;: &quot;Sherry&quot;, &quot;link&quot;: &quot;/c/379/sherry&quot; }, { &quot;name&quot;: &quot;Madeira&quot;, &quot;link&quot;: &quot;/c/381/madeira&quot; }, { &quot;name&quot;: &quot;All Fortified Wine&quot;, &quot;link&quot;: &quot;/c/378/fortified-wine&quot; }, { &quot;name&quot;: &quot;Tonic Wine and Fruit Wine&quot;, &quot;link&quot;: &quot;/c/618/tonic-wine-mead-and-fruit-wine&quot; }] }, { &quot;name&quot;: &quot;New In&quot;, &quot;link&quot;: &quot;/new-products/champagne-wine-and-beer&quot; }, { &quot;name&quot;: &quot;Offers&quot;, &quot;link&quot;: &quot;/specialoffers/champagne&quot; }, { &quot;name&quot;: &quot;Top 10 Wines&quot;, &quot;link&quot;: &quot;/d/978/top-10-wines&quot; }, { &quot;name&quot;: &quot;Top 10 Champagnes&quot;, &quot;link&quot;: &quot;/d/884/top-10-champagnes&quot; }, { &quot;name&quot;: &quot;Top 10 Ports&quot;, &quot;link&quot;: &quot;/d/870/top-10-ports&quot; }, { &quot;name&quot;: &quot;Wine Cases&quot;, &quot;link&quot;: &quot;/d/793/wine-cases&quot; }, { &quot;name&quot;: &quot;Organic Biodynamic&quot;, &quot;link&quot;: &quot;/d/1128/certified-biodynamic&quot; }, { &quot;name&quot;: &quot;All Wine &amp; Champagne&quot;, &quot;link&quot;: &quot;/search/all/wine-and-champagne&quot; }] }, { &quot;name&quot;: &quot;Old &amp; Rare&quot;, &quot;link&quot;: &quot;/oldandrare&quot; ,&quot;children&quot;: [ { &quot;name&quot;: &quot;Old &amp; Rare&quot;, &quot;link&quot;: &quot;/oldandrare&quot; }, { &quot;name&quot;: &quot;Shop By Type&quot;, &quot;link&quot;: &quot;#&quot; ,&quot;children&quot;: [ { &quot;name&quot;: &quot;Single Malt Scotch Whisky&quot;, &quot;link&quot;: &quot;/c/40/single-malt-scotch-whisky?bottlingstatus=Discontinued&quot; }, { &quot;name&quot;: &quot;Blended Whisky&quot;, &quot;link&quot;: &quot;/c/304/blended-scotch-whisky?bottlingstatus=Discontinued&quot; }, { &quot;name&quot;: &quot;Japanese Whisky&quot;, &quot;link&quot;: &quot;/c/35/japanese-whisky?bottlingstatus=Discontinued&quot; }, { &quot;name&quot;: &quot;American Whiskey&quot;, &quot;link&quot;: &quot;/c/33/american-whiskey?bottlingstatus=Discontinued&quot; }, { &quot;name&quot;: &quot;Irish Whiskey&quot;, &quot;link&quot;: &quot;/c/32/irish-whiskey?bottlingstatus=Discontinued&quot; }, { &quot;name&quot;: &quot;Canadian Whisky&quot;, &quot;link&quot;: &quot;/c/34/canadian-whisky?bottlingstatus=Discontinued&quot; }, { &quot;name&quot;: &quot;Rest of the World&quot;, &quot;link&quot;: &quot;/c/305/rest-of-the-world-whisky?bottlingstatus=Discontinued&quot; }, { &quot;name&quot;: &quot;Cognac&quot;, &quot;link&quot;: &quot;/c/351/cognac?bottlingstatus=Discontinued&quot; }, { &quot;name&quot;: &quot;Armagnac&quot;, &quot;link&quot;: &quot;/c/355/armagnac?bottlingstatus=Discontinued&quot; }, { &quot;name&quot;: &quot;Rum&quot;, &quot;link&quot;: &quot;/c/339/rum?bottlingstatus=Discontinued&quot; }, { &quot;name&quot;: &quot;Gin&quot;, &quot;link&quot;: &quot;/c/338/gin?bottlingstatus=Discontinued&quot; }, { &quot;name&quot;: &quot;Liqueurs&quot;, &quot;link&quot;: &quot;/c/343/liqueurs?bottlingstatus=Discontinued&quot; }, { &quot;name&quot;: &quot;Vermouth&quot;, &quot;link&quot;: &quot;/c/365/vermouths-aperitifs-and-digestifs?bottlingstatus=Discontinued&quot; }] }, { &quot;name&quot;: &quot;Shop By Brand&quot;, &quot;link&quot;: &quot;#&quot; ,&quot;children&quot;: [ { &quot;name&quot;: &quot;Macallan&quot;, &quot;link&quot;: &quot;/b/40/macallan-single-malt-scotch-whisky?bottlingstatus=Discontinued&quot; }, { &quot;name&quot;: &quot;Springbank&quot;, &quot;link&quot;: &quot;/b/40/springbank-single-malt-scotch-whisky?bottlingstatus=Discontinued&quot; }, { &quot;name&quot;: &quot;Karuizawa&quot;, &quot;link&quot;: &quot;/b/35/karuizawa-japanese-whisky?bottlingstatus=Discontinued&quot; }, { &quot;name&quot;: &quot;Yamazaki&quot;, &quot;link&quot;: &quot;/b/35/yamazaki-japanese-whisky?bottlingstatus=Discontinued&quot; }, { &quot;name&quot;: &quot;Martell&quot;, &quot;link&quot;: &quot;/b/351/martell-cognac?bottlingstatus=Discontinued&quot; }, { &quot;name&quot;: &quot;Ardbeg&quot;, &quot;link&quot;: &quot;/b/40/ardbeg-single-malt-scotch-whisky?bottlingstatus=Discontinued&quot; }, { &quot;name&quot;: &quot;Bowmore&quot;, &quot;link&quot;: &quot;/b/40/bowmore-single-malt-scotch-whisky?bottlingstatus=Discontinued&quot; }] }, { &quot;name&quot;: &quot;Sell Your Bottle&quot;, &quot;link&quot;: &quot;/wanted&quot; }, { &quot;name&quot;: &quot;Lost Distilleries&quot;, &quot;link&quot;: &quot;/d/890/lost-distilleries&quot; }, { &quot;name&quot;: &quot;New In&quot;, &quot;link&quot;: &quot;/new-products/old-and-rare-whisky&quot; }] }, { &quot;name&quot;: &quot;Miniatures&quot;, &quot;link&quot;: &quot;/miniatures-and-samples&quot; ,&quot;children&quot;: [ { &quot;name&quot;: &quot;Miniatures&quot;, &quot;link&quot;: &quot;/miniatures-and-samples&quot; }, { &quot;name&quot;: &quot;Samples&quot;, &quot;link&quot;: &quot;#&quot; ,&quot;children&quot;: [ { &quot;name&quot;: &quot;Single Malt Scotch Whisky&quot;, &quot;link&quot;: &quot;/c/813/single-malt-scotch-whisky-samples&quot; }, { &quot;name&quot;: &quot;Blended Scotch Whisky&quot;, &quot;link&quot;: &quot;/c/815/blended-scotch-whisky-samples&quot; }, { &quot;name&quot;: &quot;American Whiskey&quot;, &quot;link&quot;: &quot;/c/817/american-whiskey-samples&quot; }, { &quot;name&quot;: &quot;World Whisky&quot;, &quot;link&quot;: &quot;/c/820/world-whisky-samples&quot; }, { &quot;name&quot;: &quot;Other Whiskies&quot;, &quot;link&quot;: &quot;/c/803/samples?subcategory=Blended%2bMalt%2bScotch%2bWhisky%252cIrish%2bWhiskey%252cJapanese%2bWhisky&quot; }, { &quot;name&quot;: &quot;Cognac&quot;, &quot;link&quot;: &quot;/c/821/cognac-samples&quot; }, { &quot;name&quot;: &quot;Rum&quot;, &quot;link&quot;: &quot;/c/824/rum-samples&quot; }, { &quot;name&quot;: &quot;Tequila&quot;, &quot;link&quot;: &quot;/c/826/tequila-and-mezcal-samples&quot; }, { &quot;name&quot;: &quot;Vodka&quot;, &quot;link&quot;: &quot;/c/825/vodka-samples&quot; }, { &quot;name&quot;: &quot;Liqueurs&quot;, &quot;link&quot;: &quot;/c/827/liqueurs-samples&quot; }] }, { &quot;name&quot;: &quot;Miniatures&quot;, &quot;link&quot;: &quot;#&quot; ,&quot;children&quot;: [ { &quot;name&quot;: &quot;Single Malt Scotch Whisky&quot;, &quot;link&quot;: &quot;/c/395/single-malt-scotch-whisky-miniatures&quot; }, { &quot;name&quot;: &quot;Blended Scotch Whisky&quot;, &quot;link&quot;: &quot;/c/436/blended-scotch-whisky-miniatures&quot; }, { &quot;name&quot;: &quot;American Whiskey&quot;, &quot;link&quot;: &quot;/c/393/american-whiskey-miniatures&quot; }, { &quot;name&quot;: &quot;World Whisky&quot;, &quot;link&quot;: &quot;/c/417/world-whisky-miniatures&quot; }, { &quot;name&quot;: &quot;Other Whiskies&quot;, &quot;link&quot;: &quot;/c/385/miniatures?subcategory=Blended%2bMalt%2bScotch%2bWhisky%252cIrish%2bWhiskey%252cJapanese%2bWhisky%252cWhisky%2bLiqueurs&quot; }, { &quot;name&quot;: &quot;Cognac&quot;, &quot;link&quot;: &quot;/c/387/cognac-miniatures&quot; }, { &quot;name&quot;: &quot;Rum&quot;, &quot;link&quot;: &quot;/c/390/rum-miniatures&quot; }, { &quot;name&quot;: &quot;Tequila&quot;, &quot;link&quot;: &quot;/c/391/tequila-miniatures&quot; }, { &quot;name&quot;: &quot;Vodka&quot;, &quot;link&quot;: &quot;/c/392/vodka-miniatures&quot; }, { &quot;name&quot;: &quot;Liqueurs&quot;, &quot;link&quot;: &quot;/c/389/liqueur-miniatures&quot; }] }, { &quot;name&quot;: &quot;New Miniatures &amp; Samples&quot;, &quot;link&quot;: &quot;/new-products/miniatures-and-samples&quot; }, { &quot;name&quot;: &quot;All Perfect Measures Samples&quot;, &quot;link&quot;: &quot;/c/803/samples&quot; }, { &quot;name&quot;: &quot;All Miniatures&quot;, &quot;link&quot;: &quot;/c/385/miniatures&quot; }, { &quot;name&quot;: &quot;Miniature Gift Sets&quot;, &quot;link&quot;: &quot;/c/422/miniature-gift-sets&quot; }, { &quot;name&quot;: &quot;Perfect Measure Sample Sets&quot;, &quot;link&quot;: &quot;/c/828/sample-gift-sets&quot; }, { &quot;name&quot;: &quot;20 Whiskies Tasting Set&quot;, &quot;link&quot;: &quot;/p/68832/20-whiskies-that-changed-the-world-tasting-set-2023-edition-20x3cl&quot; }, { &quot;name&quot;: &quot;All Miniatures &amp; Samples&quot;, &quot;link&quot;: &quot; /search/all/miniatures-and-samples&quot; }] }, { &quot;name&quot;: &quot;Other&quot;, &quot;link&quot;: &quot;/other&quot; ,&quot;children&quot;: [ { &quot;name&quot;: &quot;New In&quot;, &quot;link&quot;: &quot;/new-products&quot; }, { &quot;name&quot;: &quot;Offers&quot;, &quot;link&quot;: &quot;/specialoffers&quot; }, { &quot;name&quot;: &quot;Our Whisky Book&quot;, &quot;link&quot;: &quot;/p/61498/everything-you-need-to-know-about-whisky&quot; }, { &quot;name&quot;: &quot;All Other Drinks &amp; Accessories&quot;, &quot;link&quot;: &quot;/search/all/other&quot; }, { &quot;name&quot;: &quot;Other&quot;, &quot;link&quot;: &quot;/other&quot; }, { &quot;name&quot;: &quot;Drinks&quot;, &quot;link&quot;: &quot;#&quot; ,&quot;children&quot;: [ { &quot;name&quot;: &quot;Beer&quot;, &quot;link&quot;: &quot;/c/503/beer&quot; }, { &quot;name&quot;: &quot;Cider / Perry&quot;, &quot;link&quot;: &quot;/c/625/cider-and-perry&quot; }, { &quot;name&quot;: &quot;Sake&quot;, &quot;link&quot;: &quot;/c/384/sake-shaoxing-wine&quot; }, { &quot;name&quot;: &quot;Bitters&quot;, &quot;link&quot;: &quot;/c/345/bitters-and-sprays&quot; }, { &quot;name&quot;: &quot;Pre-Mix&quot;, &quot;link&quot;: &quot;/c/580/pre-mixed-cocktails-and-kits&quot; }] }, { &quot;name&quot;: &quot;No and Low&quot;, &quot;link&quot;: &quot;#&quot; ,&quot;children&quot;: [ { &quot;name&quot;: &quot;Soft Drinks and Syrups&quot;, &quot;link&quot;: &quot;/c/348/soft-drinks-and-syrups&quot; }, { &quot;name&quot;: &quot;Alcohol Alternatives&quot;, &quot;link&quot;: &quot;/c/1013/alcohol-alternatives&quot; }, { &quot;name&quot;: &quot;Garnishes&quot;, &quot;link&quot;: &quot;/c/649/garnishes-sauces-and-cocktail-fruit&quot; }] }, { &quot;name&quot;: &quot;Accessories&quot;, &quot;link&quot;: &quot;#&quot; ,&quot;children&quot;: [ { &quot;name&quot;: &quot;Glassware&quot;, &quot;link&quot;: &quot;/c/396/glassware&quot; }, { &quot;name&quot;: &quot;Clothing&quot;, &quot;link&quot;: &quot;/c/525/clothing&quot; }, { &quot;name&quot;: &quot;Barware&quot;, &quot;link&quot;: &quot;/c/466/bar-accessories&quot; }, { &quot;name&quot;: &quot;Books&quot;, &quot;link&quot;: &quot;/c/402/books&quot; }, { &quot;name&quot;: &quot;Memorabilia&quot;, &quot;link&quot;: &quot;/c/729/memorabilia&quot; }, { &quot;name&quot;: &quot;Hip Flasks&quot;, &quot;link&quot;: &quot;/c/717/hip-flasks&quot; }] }] }, { &quot;name&quot;: &quot;Offers&quot;, &quot;link&quot;: &quot;/specialoffers&quot; }, { &quot;name&quot;: &quot;Inspiration&quot;, &quot;link&quot;: &quot;/inspiration&quot; }]"></div><div id="desktop-navbar" data-navigation="[{ &quot;navItemId&quot;: &quot;1&quot;, &quot;navItemHtml&quot;: &quot;<div class=\&quot;subnav__container subnav--flex-row\&quot;> <div class=\&quot;subnav__column subnav__column--w25 js-subnav__column\&quot;> <a itemprop=\&quot;url\&quot; href='/gift-ideas' class='subnav__link subnav__link--underline subnav__link--grid' title=\&quot;Shop All Christmas\&quot; onclick=\&quot;_gaq.push(['_trackEvent', 'Navigation', 'click', 'ChristmasGifts-Leftcolumn-ShopAllChristmas'])\&quot;> <i class=\&quot;tweicon tweicon--home subnav__col-icon\&quot;></i> <span class=\&quot;subnav__col-title\&quot;>Shop All Christmas</span> </a> <a itemprop=\&quot;url\&quot; href='/giftsets' class='subnav__link subnav__link--underline subnav__link--grid' title=\&quot;Gift Sets\&quot; onclick=\&quot;_gaq.push(['_trackEvent', 'Navigation', 'click', 'ChristmasGifts-Leftcolumn-GiftSets'])\&quot;> <i class=\&quot;tweicon tweicon--whiskygifts subnav__col-icon\&quot;></i> <span class=\&quot;subnav__col-title\&quot;>Gift Sets</span> </a> <a itemprop=\&quot;url\&quot; href='/p/81786/a-good-old-fashioned-christmas-whisky-15-year-old-2024-edition' class='subnav__link subnav__link--underline subnav__link--grid' title=\&quot;Christmas Whisky\&quot; onclick=\&quot;_gaq.push(['_trackEvent', 'Navigation', 'click', 'ChristmasGifts-Leftcolumn-ChristmasWhisky'])\&quot;> <i class=\&quot;tweicon tweicon--christmastree subnav__col-icon\&quot;></i> <span class=\&quot;subnav__col-title\&quot;>Christmas Whisky</span> </a> <a itemprop=\&quot;url\&quot; href='/d/1108/advent-calendars' class='subnav__link subnav__link--underline subnav__link--grid' title=\&quot;Advent Calendars\&quot; onclick=\&quot;_gaq.push(['_trackEvent', 'Navigation', 'click', 'ChristmasGifts-Leftcolumn-AdventCalendars'])\&quot;> <i class=\&quot;tweicon tweicon--snowflake subnav__col-icon\&quot;></i> <span class=\&quot;subnav__col-title\&quot;>Advent Calendars</span> </a> <a itemprop=\&quot;url\&quot; href='/specialoffers' class='subnav__link subnav__link--underline subnav__link--grid' title=\&quot;Christmas Offers\&quot; onclick=\&quot;_gaq.push(['_trackEvent', 'Navigation', 'click', 'ChristmasGifts-Leftcolumn-ChristmasOffers'])\&quot;> <i class=\&quot;tweicon tweicon--specialoffer subnav__col-icon\&quot;></i> <span class=\&quot;subnav__col-title\&quot;>Christmas Offers</span> </a> <a itemprop=\&quot;url\&quot; href='/giftcard?occasion=christmas' class='subnav__link subnav__link--underline subnav__link--grid' title=\&quot;EGift Cards\&quot; onclick=\&quot;_gaq.push(['_trackEvent', 'Navigation', 'click', 'ChristmasGifts-Leftcolumn-EGiftCards'])\&quot;> <i class=\&quot;tweicon tweicon--giftcard subnav__col-icon\&quot;></i> <span class=\&quot;subnav__col-title\&quot;>EGift Cards</span> </a> </div> <div class=\&quot;subnav__column subnav__column--w25 js-subnav__column\&quot;> <h3 class=\&quot;subnav__title js-subnav__title\&quot;> Christmas Favourites </h3> <a itemprop=\&quot;url\&quot; href='/d/552/luxury-spirits-gifts' class='subnav__link ' title=\&quot;Luxury Gifts\&quot; onclick=\&quot;_gaq.push(['_trackEvent', 'Navigation', 'click', 'ChristmasGifts-ChristmasFavourites-LuxuryGifts'])\&quot;> Luxury Gifts </a> <a itemprop=\&quot;url\&quot; href='/c/803/samples' class='subnav__link ' title=\&quot;Perfect Measures\&quot; onclick=\&quot;_gaq.push(['_trackEvent', 'Navigation', 'click', 'ChristmasGifts-ChristmasFavourites-PerfectMeasures'])\&quot;> Perfect Measures </a> <a itemprop=\&quot;url\&quot; href='/exclusive-to-us' class='subnav__link ' title=\&quot;Latest Exclusives\&quot; onclick=\&quot;_gaq.push(['_trackEvent', 'Navigation', 'click', 'ChristmasGifts-ChristmasFavourites-LatestExclusives'])\&quot;> Latest Exclusives </a> <a itemprop=\&quot;url\&quot; href='/d/699/gifts-under-100' class='subnav__link ' title=\&quot;Gifts Under £100\&quot; onclick=\&quot;_gaq.push(['_trackEvent', 'Navigation', 'click', 'ChristmasGifts-ChristmasFavourites-GiftsUnder100'])\&quot;> Gifts Under £100 </a> <a itemprop=\&quot;url\&quot; href='/feature/engraving' class='subnav__link ' title=\&quot;Personalised Engraving\&quot; onclick=\&quot;_gaq.push(['_trackEvent', 'Navigation', 'click', 'ChristmasGifts-ChristmasFavourites-PersonalisedEngraving'])\&quot;> Personalised Engraving </a> <a itemprop=\&quot;url\&quot; href='/personalisedlabels' class='subnav__link ' title=\&quot;Personalised Labels\&quot; onclick=\&quot;_gaq.push(['_trackEvent', 'Navigation', 'click', 'ChristmasGifts-ChristmasFavourites-PersonalisedLabels'])\&quot;> Personalised Labels </a> </div> <div class=\&quot;subnav__column subnav__column--w25 js-subnav__column\&quot;> <h3 class=\&quot;subnav__title js-subnav__title\&quot;> Our Top Picks </h3> <a itemprop=\&quot;url\&quot; href='/d/872/top-10-whiskies' class='subnav__link ' title=\&quot;Top 10 Whiskies\&quot; onclick=\&quot;_gaq.push(['_trackEvent', 'Navigation', 'click', 'ChristmasGifts-OurTopPicks-Top10Whiskies'])\&quot;> Top 10 Whiskies </a> <a itemprop=\&quot;url\&quot; href='/d/871/top-10-cognacs' class='subnav__link ' title=\&quot;Top 10 Cognacs\&quot; onclick=\&quot;_gaq.push(['_trackEvent', 'Navigation', 'click', 'ChristmasGifts-OurTopPicks-Top10Cognacs'])\&quot;> Top 10 Cognacs </a> <a itemprop=\&quot;url\&quot; href='/d/873/top-10-rums' class='subnav__link ' title=\&quot;Top 10 Rums\&quot; onclick=\&quot;_gaq.push(['_trackEvent', 'Navigation', 'click', 'ChristmasGifts-OurTopPicks-Top10Rums'])\&quot;> Top 10 Rums </a> <a itemprop=\&quot;url\&quot; href='/d/874/top-10-gins' class='subnav__link ' title=\&quot;Top 10 Gins\&quot; onclick=\&quot;_gaq.push(['_trackEvent', 'Navigation', 'click', 'ChristmasGifts-OurTopPicks-Top10Gins'])\&quot;> Top 10 Gins </a> <a itemprop=\&quot;url\&quot; href='/top-picks' class='subnav__link ' title=\&quot;More Top 10 picks\&quot; onclick=\&quot;_gaq.push(['_trackEvent', 'Navigation', 'click', 'ChristmasGifts-OurTopPicks-MoreTop10picks'])\&quot;> More Top 10 picks </a> </div> <div class=\&quot;subnav__column subnav__column--w25 js-subnav__column\&quot;> <h3 class=\&quot;subnav__title js-subnav__title\&quot;> Festive Highlights </h3> <a itemprop=\&quot;url\&quot; href='/d/997/festive-fizz' class='subnav__link ' title=\&quot;Festive fizz\&quot; onclick=\&quot;_gaq.push(['_trackEvent', 'Navigation', 'click', 'ChristmasGifts-FestiveHighlights-Festivefizz'])\&quot;> Festive fizz </a> <a itemprop=\&quot;url\&quot; href='/d/1206/unique-gifts' class='subnav__link ' title=\&quot;Unique Gifts\&quot; onclick=\&quot;_gaq.push(['_trackEvent', 'Navigation', 'click', 'ChristmasGifts-FestiveHighlights-UniqueGifts'])\&quot;> Unique Gifts </a> <a itemprop=\&quot;url\&quot; href='/specialoffers' class='subnav__link ' title=\&quot;Festive Special Offers\&quot; onclick=\&quot;_gaq.push(['_trackEvent', 'Navigation', 'click', 'ChristmasGifts-FestiveHighlights-FestiveSpecialOffers'])\&quot;> Festive Special Offers </a> </div> </div>&quot; }, { &quot;navItemId&quot;: &quot;2&quot;, &quot;navItemHtml&quot;: &quot;<div class=\&quot;subnav__container subnav--flex-row\&quot;> <div class=\&quot;subnav__column subnav__column--w25 js-subnav__column\&quot;> <a itemprop=\&quot;url\&quot; href='/new-in-and-exclusives' class='subnav__link subnav__link--underline subnav__link--grid' title=\&quot;New In &amp; Exclusives\&quot; onclick=\&quot;_gaq.push(['_trackEvent', 'Navigation', 'click', 'NewInExclusive-Leftcolumn-NewInExclusives'])\&quot;> <i class=\&quot;tweicon tweicon--home subnav__col-icon\&quot;></i> <span class=\&quot;subnav__col-title\&quot;>New In &amp; Exclusives</span> </a> <a itemprop=\&quot;url\&quot; href='/productsofthemonth' class='subnav__link subnav__link--underline subnav__link--grid' title=\&quot;Whisky of the Month\&quot; onclick=\&quot;_gaq.push(['_trackEvent', 'Navigation', 'click', 'NewInExclusive-Leftcolumn-Whiskyofthemonth'])\&quot;> <i class=\&quot;tweicon tweicon--new subnav__col-icon\&quot;></i> <span class=\&quot;subnav__col-title\&quot;>Whisky of the Month</span> </a> <a itemprop=\&quot;url\&quot; href='/productsofthemonth' class='subnav__link subnav__link--underline subnav__link--grid' title=\&quot;Spirit of the month\&quot; onclick=\&quot;_gaq.push(['_trackEvent', 'Navigation', 'click', 'NewInExclusive-Leftcolumn-Spiritofthemonth'])\&quot;> <i class=\&quot;tweicon tweicon--new subnav__col-icon\&quot;></i> <span class=\&quot;subnav__col-title\&quot;>Spirit of the month</span> </a> <a itemprop=\&quot;url\&quot; href='/productsofthemonth' class='subnav__link subnav__link--underline subnav__link--grid' title=\&quot;Wine of the month\&quot; onclick=\&quot;_gaq.push(['_trackEvent', 'Navigation', 'click', 'NewInExclusive-Leftcolumn-Wineofthemonth'])\&quot;> <i class=\&quot;tweicon tweicon--new subnav__col-icon\&quot;></i> <span class=\&quot;subnav__col-title\&quot;>Wine of the month</span> </a> <a itemprop=\&quot;url\&quot; href='/feature/whisky-of-the-year' class='subnav__link subnav__link--underline subnav__link--grid' title=\&quot;Whisky of the Year\&quot; onclick=\&quot;_gaq.push(['_trackEvent', 'Navigation', 'click', 'NewInExclusive-Leftcolumn-WhiskyoftheYear'])\&quot;> <i class=\&quot;tweicon tweicon--whiskyoftheyear subnav__col-icon\&quot;></i> <span class=\&quot;subnav__col-title\&quot;>Whisky of the Year</span> </a> <a itemprop=\&quot;url\&quot; href='/feature/spirit-of-the-year' class='subnav__link subnav__link--underline subnav__link--grid' title=\&quot;Spirit of the Year\&quot; onclick=\&quot;_gaq.push(['_trackEvent', 'Navigation', 'click', 'NewInExclusive-Leftcolumn-SpiritoftheYear'])\&quot;> <i class=\&quot;tweicon tweicon--spiritoftheyear subnav__col-icon\&quot;></i> <span class=\&quot;subnav__col-title\&quot;>Spirit of the Year</span> </a> <a itemprop=\&quot;url\&quot; href='/feature/new-wave-whisky-of-the-year' class='subnav__link subnav__link--underline subnav__link--grid' title=\&quot;New Wave Whisky of the Year\&quot; onclick=\&quot;_gaq.push(['_trackEvent', 'Navigation', 'click', 'NewInExclusive-Leftcolumn-NewWaveWhiskyoftheYear'])\&quot;> <i class=\&quot;tweicon tweicon--spiritoftheyear subnav__col-icon\&quot;></i> <span class=\&quot;subnav__col-title\&quot;>New Wave Whisky of the Year</span> </a> </div> <div class=\&quot;subnav__column subnav__column--w25 js-subnav__column\&quot;> <h3 class=\&quot;subnav__title js-subnav__title\&quot;> New In </h3> <a itemprop=\&quot;url\&quot; href='/new-products' class='subnav__link ' title=\&quot;New Products\&quot; onclick=\&quot;_gaq.push(['_trackEvent', 'Navigation', 'click', 'NewInExclusive-NewIn-NewProducts'])\&quot;> New Products </a> <a itemprop=\&quot;url\&quot; href='/new-products/standard-whisky/' class='subnav__link ' title=\&quot;New Whisky\&quot; onclick=\&quot;_gaq.push(['_trackEvent', 'Navigation', 'click', 'NewInExclusive-NewIn-NewWhisky'])\&quot;> New Whisky </a> <a itemprop=\&quot;url\&quot; href='/new-products/spirits-and-liqueurs/' class='subnav__link ' title=\&quot;New Spirits &amp; Liqueurs\&quot; onclick=\&quot;_gaq.push(['_trackEvent', 'Navigation', 'click', 'NewInExclusive-NewIn-NewSpiritsLiqueurs'])\&quot;> New Spirits &amp; Liqueurs </a> <a itemprop=\&quot;url\&quot; href='/new-products/champagne-wine-and-beer/' class='subnav__link ' title=\&quot;New Champagne, Wine &amp; Beer\&quot; onclick=\&quot;_gaq.push(['_trackEvent', 'Navigation', 'click', 'NewInExclusive-NewIn-NewChampagneWineBeer'])\&quot;> New Champagne, Wine &amp; Beer </a> <a itemprop=\&quot;url\&quot; href='/new-products/miniatures-and-samples' class='subnav__link ' title=\&quot;New Miniatures &amp; Samples\&quot; onclick=\&quot;_gaq.push(['_trackEvent', 'Navigation', 'click', 'NewInExclusive-NewIn-NewMiniaturesSamples'])\&quot;> New Miniatures &amp; Samples </a> <a itemprop=\&quot;url\&quot; href='/new-products/old-and-rare-whisky' class='subnav__link ' title=\&quot;New Old &amp; Rare Whisky\&quot; onclick=\&quot;_gaq.push(['_trackEvent', 'Navigation', 'click', 'NewInExclusive-NewIn-NewOldRareWhisky'])\&quot;> New Old &amp; Rare Whisky </a> <a itemprop=\&quot;url\&quot; href='/new-products/antique-spirits' class='subnav__link ' title=\&quot;New Antique Spirits\&quot; onclick=\&quot;_gaq.push(['_trackEvent', 'Navigation', 'click', 'NewInExclusive-NewIn-NewAntiqueSpirits'])\&quot;> New Antique Spirits </a> </div> <div class=\&quot;subnav__column subnav__column--w25 js-subnav__column\&quot;> <h3 class=\&quot;subnav__title js-subnav__title\&quot;> Exclusives </h3> <a itemprop=\&quot;url\&quot; href='/exclusive-to-us' class='subnav__link ' title=\&quot;Latest Exclusives\&quot; onclick=\&quot;_gaq.push(['_trackEvent', 'Navigation', 'click', 'NewInExclusive-Exclusives-LatestExclusives'])\&quot;> Latest Exclusives </a> <a itemprop=\&quot;url\&quot; href='/d/660/scotch-whisky-exclusives' class='subnav__link ' title=\&quot;Scotch Whisky\&quot; onclick=\&quot;_gaq.push(['_trackEvent', 'Navigation', 'click', 'NewInExclusive-Exclusives-ScotchWhisky'])\&quot;> Scotch Whisky </a> <a itemprop=\&quot;url\&quot; href='/d/802/world-whisky-exclusives' class='subnav__link ' title=\&quot;World Whisky\&quot; onclick=\&quot;_gaq.push(['_trackEvent', 'Navigation', 'click', 'NewInExclusive-Exclusives-WorldWhisky'])\&quot;> World Whisky </a> <a itemprop=\&quot;url\&quot; href='/d/841/exclusive-bottlings?category=Rum' class='subnav__link ' title=\&quot;Rum\&quot; onclick=\&quot;_gaq.push(['_trackEvent', 'Navigation', 'click', 'NewInExclusive-Exclusives-Rum'])\&quot;> Rum </a> <a itemprop=\&quot;url\&quot; href='/d/1039/spirits-exclusives' class='subnav__link ' title=\&quot;Other Spirits\&quot; onclick=\&quot;_gaq.push(['_trackEvent', 'Navigation', 'click', 'NewInExclusive-Exclusives-OtherSpirits'])\&quot;> Other Spirits </a> </div> <div class=\&quot;subnav__column subnav__column--w25 js-subnav__column\&quot;> <h3 class=\&quot;subnav__title js-subnav__title\&quot;> Inspire Me </h3> <a itemprop=\&quot;url\&quot; href='/drinksustainably' class='subnav__link subnav__link--grid ' title=\&quot;Drink Sustainably\&quot; onclick=\&quot;_gaq.push(['_trackEvent', 'Navigation', 'click', 'NewInExclusive-InspireMe-DrinkSustainably'])\&quot;> <i class=\&quot;tweicon tweicon--grapes subnav__col-icon\&quot;></i> <span class=\&quot;subnav__col-title\&quot;>Drink Sustainably</span> </a> <a itemprop=\&quot;url\&quot; href='/p/68832/20-whiskies-that-changed-the-world-tasting-set-2023-edition-20x3cl' class='subnav__link subnav__link--grid ' title=\&quot;20 Whiskies Tasting Set\&quot; onclick=\&quot;_gaq.push(['_trackEvent', 'Navigation', 'click', 'NewInExclusive-InspireMe-20WhiskiesTastingSet'])\&quot;> <i class=\&quot;tweicon tweicon--heart subnav__col-icon\&quot;></i> <span class=\&quot;subnav__col-title\&quot;>20 Whiskies Tasting&nbsp;Set</span> </a> <a itemprop=\&quot;url\&quot; href='/feature/tequilavsmezcal' class='subnav__link subnav__link--grid ' title=\&quot;Tequila vs Mezcal\&quot; onclick=\&quot;_gaq.push(['_trackEvent', 'Navigation', 'click', 'NewInExclusive-InspireMe-TequilavsMezcal'])\&quot;> <i class=\&quot;tweicon tweicon--oldandrare subnav__col-icon\&quot;></i> <span class=\&quot;subnav__col-title\&quot;>Tequila vs Mezcal</span> </a> <a itemprop=\&quot;url\&quot; href='/cocktails' class='subnav__link subnav__link--grid ' title=\&quot;Cocktail recipes\&quot; onclick=\&quot;_gaq.push(['_trackEvent', 'Navigation', 'click', 'NewInExclusive-InspireMe-Cocktailrecipes'])\&quot;> <i class=\&quot;tweicon tweicon--cocktailglasses subnav__col-icon\&quot;></i> <span class=\&quot;subnav__col-title\&quot;>Cocktail recipes</span> </a> <a itemprop=\&quot;url\&quot; href='https://blog.thewhiskyexchange.com' target='_blank' class='subnav__link subnav__link--grid ' title=\&quot;TWE Blog\&quot; onclick=\&quot;_gaq.push(['_trackEvent', 'Navigation', 'click', 'NewInExclusive-InspireMe-Blog-TWEBlog'])\&quot;> <i class=\&quot;tweicon tweicon--rss subnav__col-icon\&quot;></i> <span class=\&quot;subnav__col-title\&quot;>TWE Blog</span> </a> </div> </div>&quot; }, { &quot;navItemId&quot;: &quot;4&quot;, &quot;navItemHtml&quot;: &quot;<div class=\&quot;subnav__container subnav--flex-row\&quot;> <div class=\&quot;subnav__column subnav__column--w25 js-subnav__column\&quot;> <a itemprop=\&quot;url\&quot; href='/scotch-whisky' class='subnav__link subnav__link--underline subnav__link--grid' title=\&quot;Scotch Whisky\&quot; onclick=\&quot;_gaq.push(['_trackEvent', 'Navigation', 'click', 'ScotchWhisky-Leftcolumn-ScotchWhisky'])\&quot;> <i class=\&quot;tweicon tweicon--home subnav__col-icon\&quot;></i> <span class=\&quot;subnav__col-title\&quot;>Scotch Whisky</span> </a> <a itemprop=\&quot;url\&quot; href='/new-products/standard-whisky' class='subnav__link subnav__link--underline subnav__link--grid' title=\&quot;New In\&quot; onclick=\&quot;_gaq.push(['_trackEvent', 'Navigation', 'click', 'ScotchWhisky-Leftcolumn-NewIn'])\&quot;> <i class=\&quot;tweicon tweicon--new subnav__col-icon\&quot;></i> <span class=\&quot;subnav__col-title\&quot;>New In</span> </a> <a itemprop=\&quot;url\&quot; href='/exclusive-to-us' class='subnav__link subnav__link--underline subnav__link--grid' title=\&quot;Exclusives\&quot; onclick=\&quot;_gaq.push(['_trackEvent', 'Navigation', 'click', 'ScotchWhisky-Leftcolumn-Exclusives'])\&quot;> <i class=\&quot;tweicon tweicon--exclusive subnav__col-icon\&quot;></i> <span class=\&quot;subnav__col-title\&quot;>Exclusives</span> </a> <a itemprop=\&quot;url\&quot; href='/specialoffers/whisky' class='subnav__link subnav__link--underline subnav__link--grid' title=\&quot;Offers\&quot; onclick=\&quot;_gaq.push(['_trackEvent', 'Navigation', 'click', 'ScotchWhisky-Leftcolumn-Offers'])\&quot;> <i class=\&quot;tweicon tweicon--specialoffer subnav__col-icon\&quot;></i> <span class=\&quot;subnav__col-title\&quot;>Offers</span> </a> <a itemprop=\&quot;url\&quot; href='/d/872/top-10-whiskies' class='subnav__link subnav__link--underline subnav__link--grid' title=\&quot;Top 10\&quot; onclick=\&quot;_gaq.push(['_trackEvent', 'Navigation', 'click', 'ScotchWhisky-Leftcolumn-Top10'])\&quot;> <i class=\&quot;tweicon tweicon--whiskycollection subnav__col-icon\&quot;></i> <span class=\&quot;subnav__col-title\&quot;>Top 10</span> </a> <a itemprop=\&quot;url\&quot; href='/c/40/single-malt-scotch-whisky?bottler=Independent%2bBottling' class='subnav__link subnav__link--underline subnav__link--grid' title=\&quot;Independent bottlings\&quot; onclick=\&quot;_gaq.push(['_trackEvent', 'Navigation', 'click', 'ScotchWhisky-Leftcolumn-Independentbottlings'])\&quot;> <i class=\&quot;tweicon tweicon--whiskycollection subnav__col-icon\&quot;></i> <span class=\&quot;subnav__col-title\&quot;>Independent bottlings</span> </a> <a itemprop=\&quot;url\&quot; href='/d/890/lost-distilleries' class='subnav__link subnav__link--underline subnav__link--grid' title=\&quot;Lost Distilleries of Scotland\&quot; onclick=\&quot;_gaq.push(['_trackEvent', 'Navigation', 'click', 'ScotchWhisky-Leftcolumn-LostDistilleriesofScotland'])\&quot;> <i class=\&quot;tweicon tweicon--oldandrare subnav__col-icon\&quot;></i> <span class=\&quot;subnav__col-title\&quot;>Lost Distilleries of Scotland</span> </a> <a itemprop=\&quot;url\&quot; href='/search/all/scotch-whisky' class='subnav__link subnav__link--underline subnav__link--grid' title=\&quot;All Scotch Whiskies\&quot; onclick=\&quot;_gaq.push(['_trackEvent', 'Navigation', 'click', 'ScotchWhisky-Leftcolumn-AllScotchWhiskies'])\&quot;> <i class=\&quot;tweicon tweicon--whiskycollection subnav__col-icon\&quot;></i> <span class=\&quot;subnav__col-title\&quot;>All Scotch Whiskies</span> </a> </div> <div class=\&quot;subnav__column subnav__column--w25 js-subnav__column\&quot;> <h3 class=\&quot;subnav__title js-subnav__title\&quot;> Shop By Type </h3> <a itemprop=\&quot;url\&quot; href='/c/40/single-malt-scotch-whisky' class='subnav__link ' title=\&quot;Single Malt Whisky\&quot; onclick=\&quot;_gaq.push(['_trackEvent', 'Navigation', 'click', 'ScotchWhisky-ShopByType-SingleMaltWhisky'])\&quot;> Single Malt Whisky </a> <a itemprop=\&quot;url\&quot; class=\&quot;subnav__link subnav__link--lowercase\&quot; href=\&quot;/c/316/campbeltown-single-malt-scotch-whisky\&quot; title=\&quot;Campbeltown Single Malt Scotch Whisky\&quot; onclick=\&quot;_gaq.push(['_trackEvent', 'Navigation', 'click', 'ScotchWhisky-ShopByType-SingleMaltWhisky-Campbeltown'])\&quot;>Campbeltown</a><a itemprop=\&quot;url\&quot; class=\&quot;subnav__link subnav__link--lowercase\&quot; href=\&quot;/c/313/highland-single-malt-scotch-whisky\&quot; title=\&quot;Highland Single Malt Scotch Whisky\&quot; onclick=\&quot;_gaq.push(['_trackEvent', 'Navigation', 'click', 'ScotchWhisky-ShopByType-SingleMaltWhisky-Highland'])\&quot;>Highland</a><a itemprop=\&quot;url\&quot; class=\&quot;subnav__link subnav__link--lowercase\&quot; href=\&quot;/c/315/island-single-malt-scotch-whisky\&quot; title=\&quot;Island Single Malt Scotch Whisky\&quot; onclick=\&quot;_gaq.push(['_trackEvent', 'Navigation', 'click', 'ScotchWhisky-ShopByType-SingleMaltWhisky-Island'])\&quot;>Island</a><a itemprop=\&quot;url\&quot; class=\&quot;subnav__link subnav__link--lowercase\&quot; href=\&quot;/c/50/islay-single-malt-scotch-whisky\&quot; title=\&quot;Islay Single Malt Scotch Whisky\&quot; onclick=\&quot;_gaq.push(['_trackEvent', 'Navigation', 'click', 'ScotchWhisky-ShopByType-SingleMaltWhisky-Islay'])\&quot;>Islay</a><a itemprop=\&quot;url\&quot; class=\&quot;subnav__link subnav__link--lowercase\&quot; href=\&quot;/c/312/lowland-single-malt-scotch-whisky\&quot; title=\&quot;Lowland Single Malt Scotch Whisky\&quot; onclick=\&quot;_gaq.push(['_trackEvent', 'Navigation', 'click', 'ScotchWhisky-ShopByType-SingleMaltWhisky-Lowland'])\&quot;>Lowland</a><a itemprop=\&quot;url\&quot; class=\&quot;subnav__link subnav__link--lowercase\&quot; href=\&quot;/c/314/speyside-single-malt-scotch-whisky\&quot; title=\&quot;Speyside Single Malt Scotch Whisky\&quot; onclick=\&quot;_gaq.push(['_trackEvent', 'Navigation', 'click', 'ScotchWhisky-ShopByType-SingleMaltWhisky-Speyside'])\&quot;>Speyside</a> <a itemprop=\&quot;url\&quot; href='/c/304/blended-scotch-whisky' class='subnav__link ' title=\&quot;Blended Whisky\&quot; onclick=\&quot;_gaq.push(['_trackEvent', 'Navigation', 'click', 'ScotchWhisky-ShopByType-BlendedWhisky'])\&quot;> Blended Whisky </a> <a itemprop=\&quot;url\&quot; href='/c/309/blended-malt-scotch-whisky' class='subnav__link ' title=\&quot;Blended Malt\&quot; onclick=\&quot;_gaq.push(['_trackEvent', 'Navigation', 'click', 'ScotchWhisky-ShopByType-BlendedMalt'])\&quot;> Blended Malt </a> <a itemprop=\&quot;url\&quot; href='/c/310/grain-scotch-whisky' class='subnav__link ' title=\&quot;Grain Whisky\&quot; onclick=\&quot;_gaq.push(['_trackEvent', 'Navigation', 'click', 'ScotchWhisky-ShopByType-GrainWhisky'])\&quot;> Grain Whisky </a> </div> <div class=\&quot;subnav__column subnav__column--w25 js-subnav__column\&quot;> <h3 class=\&quot;subnav__title js-subnav__title\&quot;> Shop By Flavour </h3> <a itemprop=\&quot;url\&quot; href='/d/738/dried-fruit-and-nut' class='subnav__link ' title=\&quot;Dried Fruit and Nut\&quot; onclick=\&quot;_gaq.push(['_trackEvent', 'Navigation', 'click', 'ScotchWhisky-ShopByFlavour-DriedFruitandNut'])\&quot;> Dried Fruit and Nut </a> <a itemprop=\&quot;url\&quot; href='/d/740/elegant-and-floral' class='subnav__link ' title=\&quot;Elegant and Floral\&quot; onclick=\&quot;_gaq.push(['_trackEvent', 'Navigation', 'click', 'ScotchWhisky-ShopByFlavour-ElegantandFloral'])\&quot;> Elegant and Floral </a> <a itemprop=\&quot;url\&quot; href='/d/741/fresh-fruit-and-vanilla' class='subnav__link ' title=\&quot;Fresh Fruit and Vanilla\&quot; onclick=\&quot;_gaq.push(['_trackEvent', 'Navigation', 'click', 'ScotchWhisky-ShopByFlavour-FreshFruitandVanilla'])\&quot;> Fresh Fruit and Vanilla </a> <a itemprop=\&quot;url\&quot; href='/d/742/malt-and-honey' class='subnav__link ' title=\&quot;Malt and Honey\&quot; onclick=\&quot;_gaq.push(['_trackEvent', 'Navigation', 'click', 'ScotchWhisky-ShopByFlavour-MaltandHoney'])\&quot;> Malt and Honey </a> <a itemprop=\&quot;url\&quot; href='/d/743/maritime-and-smoky' class='subnav__link ' title=\&quot;Maritime and Smoky\&quot; onclick=\&quot;_gaq.push(['_trackEvent', 'Navigation', 'click', 'ScotchWhisky-ShopByFlavour-MaritimeandSmoky'])\&quot;> Maritime and Smoky </a> <a itemprop=\&quot;url\&quot; href='/d/744/peat-and-fruit' class='subnav__link ' title=\&quot;Peat and Fruit\&quot; onclick=\&quot;_gaq.push(['_trackEvent', 'Navigation', 'click', 'ScotchWhisky-ShopByFlavour-PeatandFruit'])\&quot;> Peat and Fruit </a> <a itemprop=\&quot;url\&quot; href='/d/745/rich-and-peaty' class='subnav__link ' title=\&quot;Rich and Peaty\&quot; onclick=\&quot;_gaq.push(['_trackEvent', 'Navigation', 'click', 'ScotchWhisky-ShopByFlavour-RichandPeaty'])\&quot;> Rich and Peaty </a> <a itemprop=\&quot;url\&quot; href='/d/746/rich-fruit-and-spice' class='subnav__link ' title=\&quot;Rich Fruit and Spice\&quot; onclick=\&quot;_gaq.push(['_trackEvent', 'Navigation', 'click', 'ScotchWhisky-ShopByFlavour-RichFruitandSpice'])\&quot;> Rich Fruit and Spice </a> </div> <div class=\&quot;subnav__column subnav__column--w25 js-subnav__column\&quot;> <h3 class=\&quot;subnav__title js-subnav__title\&quot;> Shop By Brand </h3> <a itemprop=\&quot;url\&quot; class=\&quot;subnav__link\&quot; href=\&quot;/b/40/inchdairnie-single-malt-scotch-whisky\&quot; title=\&quot;Inchdairnie\&quot; onclick=\&quot;_gaq.push(['_trackEvent', 'Navigation', 'click', 'ScotchWhisky-ShopByBrand-ScotchwhiskyBrands-Inchdairnie'])\&quot;>Inchdairnie</a><a itemprop=\&quot;url\&quot; class=\&quot;subnav__link\&quot; href=\&quot;/b/40/caol-ila-single-malt-scotch-whisky\&quot; title=\&quot;Caol Ila\&quot; onclick=\&quot;_gaq.push(['_trackEvent', 'Navigation', 'click', 'ScotchWhisky-ShopByBrand-ScotchwhiskyBrands-CaolIla'])\&quot;>Caol Ila</a><a itemprop=\&quot;url\&quot; class=\&quot;subnav__link\&quot; href=\&quot;/b/40/cardhu-single-malt-scotch-whisky\&quot; title=\&quot;Cardhu\&quot; onclick=\&quot;_gaq.push(['_trackEvent', 'Navigation', 'click', 'ScotchWhisky-ShopByBrand-ScotchwhiskyBrands-Cardhu'])\&quot;>Cardhu</a><a itemprop=\&quot;url\&quot; class=\&quot;subnav__link\&quot; href=\&quot;/b/40/dalmore-single-malt-scotch-whisky\&quot; title=\&quot;Dalmore\&quot; onclick=\&quot;_gaq.push(['_trackEvent', 'Navigation', 'click', 'ScotchWhisky-ShopByBrand-ScotchwhiskyBrands-Dalmore'])\&quot;>Dalmore</a><a itemprop=\&quot;url\&quot; class=\&quot;subnav__link\&quot; href=\&quot;/b/40/glenfarclas-single-malt-scotch-whisky\&quot; title=\&quot;Glenfarclas\&quot; onclick=\&quot;_gaq.push(['_trackEvent', 'Navigation', 'click', 'ScotchWhisky-ShopByBrand-ScotchwhiskyBrands-Glenfarclas'])\&quot;>Glenfarclas</a><a itemprop=\&quot;url\&quot; class=\&quot;subnav__link\&quot; href=\&quot;/b/40/glenlivet-single-malt-scotch-whisky\&quot; title=\&quot;Glenlivet\&quot; onclick=\&quot;_gaq.push(['_trackEvent', 'Navigation', 'click', 'ScotchWhisky-ShopByBrand-ScotchwhiskyBrands-Glenlivet'])\&quot;>Glenlivet</a><a itemprop=\&quot;url\&quot; class=\&quot;subnav__link\&quot; href=\&quot;/b/40/lagavulin-single-malt-scotch-whisky\&quot; title=\&quot;Lagavulin\&quot; onclick=\&quot;_gaq.push(['_trackEvent', 'Navigation', 'click', 'ScotchWhisky-ShopByBrand-ScotchwhiskyBrands-Lagavulin'])\&quot;>Lagavulin</a><a itemprop=\&quot;url\&quot; class=\&quot;subnav__link\&quot; href=\&quot;/b/40/laphroaig-single-malt-scotch-whisky\&quot; title=\&quot;Laphroaig\&quot; onclick=\&quot;_gaq.push(['_trackEvent', 'Navigation', 'click', 'ScotchWhisky-ShopByBrand-ScotchwhiskyBrands-Laphroaig'])\&quot;>Laphroaig</a><a itemprop=\&quot;url\&quot; class=\&quot;subnav__link\&quot; href=\&quot;/b/40/macallan-single-malt-scotch-whisky\&quot; title=\&quot;Macallan\&quot; onclick=\&quot;_gaq.push(['_trackEvent', 'Navigation', 'click', 'ScotchWhisky-ShopByBrand-ScotchwhiskyBrands-Macallan'])\&quot;>Macallan</a><a itemprop=\&quot;url\&quot; class=\&quot;subnav__link\&quot; href=\&quot;/b/40/oban-single-malt-scotch-whisky\&quot; title=\&quot;Oban\&quot; onclick=\&quot;_gaq.push(['_trackEvent', 'Navigation', 'click', 'ScotchWhisky-ShopByBrand-ScotchwhiskyBrands-Oban'])\&quot;>Oban</a> <a itemprop=\&quot;url\&quot; href='/brands/scotchwhisky' class='subnav__link subnav__link--lowercase ' title=\&quot;All Scotch Whisky Brands\&quot; onclick=\&quot;_gaq.push(['_trackEvent', 'Navigation', 'click', 'ScotchWhisky-ShopByBrand-AllScotchWhiskyBrands'])\&quot;> All Scotch Whisky Brands </a> </div> </div>&quot; }, { &quot;navItemId&quot;: &quot;5&quot;, &quot;navItemHtml&quot;: &quot;<div class=\&quot;subnav__container subnav--flex-row\&quot;> <div class=\&quot;subnav__column subnav__column--w25 js-subnav__column\&quot;> <a itemprop=\&quot;url\&quot; href='/world-whisky' class='subnav__link subnav__link--underline subnav__link--grid' title=\&quot;World Whisky\&quot; onclick=\&quot;_gaq.push(['_trackEvent', 'Navigation', 'click', 'WorldWhisky-Leftcolumn-WorldWhisky'])\&quot;> <i class=\&quot;tweicon tweicon--home subnav__col-icon\&quot;></i> <span class=\&quot;subnav__col-title\&quot;>World Whisky</span> </a> <a itemprop=\&quot;url\&quot; href='/new-products/standard-whisky' class='subnav__link subnav__link--underline subnav__link--grid' title=\&quot;New In\&quot; onclick=\&quot;_gaq.push(['_trackEvent', 'Navigation', 'click', 'WorldWhisky-Leftcolumn-NewIn'])\&quot;> <i class=\&quot;tweicon tweicon--new subnav__col-icon\&quot;></i> <span class=\&quot;subnav__col-title\&quot;>New In</span> </a> <a itemprop=\&quot;url\&quot; href='/exclusive-to-us' class='subnav__link subnav__link--underline subnav__link--grid' title=\&quot;Exclusives\&quot; onclick=\&quot;_gaq.push(['_trackEvent', 'Navigation', 'click', 'WorldWhisky-Leftcolumn-Exclusives'])\&quot;> <i class=\&quot;tweicon tweicon--exclusive subnav__col-icon\&quot;></i> <span class=\&quot;subnav__col-title\&quot;>Exclusives</span> </a> <a itemprop=\&quot;url\&quot; href='/specialoffers/whisky' class='subnav__link subnav__link--underline subnav__link--grid' title=\&quot;Offers\&quot; onclick=\&quot;_gaq.push(['_trackEvent', 'Navigation', 'click', 'WorldWhisky-Leftcolumn-Offers'])\&quot;> <i class=\&quot;tweicon tweicon--specialoffer subnav__col-icon\&quot;></i> <span class=\&quot;subnav__col-title\&quot;>Offers</span> </a> <a itemprop=\&quot;url\&quot; href='/d/872/top-10-whiskies' class='subnav__link subnav__link--underline subnav__link--grid' title=\&quot;Top 10\&quot; onclick=\&quot;_gaq.push(['_trackEvent', 'Navigation', 'click', 'WorldWhisky-Leftcolumn-Top10'])\&quot;> <i class=\&quot;tweicon tweicon--whiskycollection subnav__col-icon\&quot;></i> <span class=\&quot;subnav__col-title\&quot;>Top 10</span> </a> <a itemprop=\&quot;url\&quot; href='/p/68832/20-whiskies-that-changed-the-world-tasting-set-2023-edition-20x3cl' class='subnav__link subnav__link--underline subnav__link--grid' title=\&quot;20 Whiskies Tasting Set\&quot; onclick=\&quot;_gaq.push(['_trackEvent', 'Navigation', 'click', 'WorldWhisky-Leftcolumn-20WhiskiesTastingSet'])\&quot;> <i class=\&quot;tweicon tweicon--heart subnav__col-icon\&quot;></i> <span class=\&quot;subnav__col-title\&quot;>20 Whiskies Tasting&nbsp;Set</span> </a> <a itemprop=\&quot;url\&quot; href='/search/all/world-whisky' class='subnav__link subnav__link--underline subnav__link--grid' title=\&quot;All World Whiskies\&quot; onclick=\&quot;_gaq.push(['_trackEvent', 'Navigation', 'click', 'WorldWhisky-Leftcolumn-AllWorldWhiskies'])\&quot;> <i class=\&quot;tweicon tweicon--whiskycollection subnav__col-icon\&quot;></i> <span class=\&quot;subnav__col-title\&quot;>All World Whiskies</span> </a> </div> <div class=\&quot;subnav__column subnav__column--w25 js-subnav__column\&quot;> <h3 class=\&quot;subnav__title js-subnav__title\&quot;> Shop By Type </h3> <div class=\&quot;subnav--flex-row\&quot;> <div class=\&quot;subnav__column subnav__column--w33 js-subnav__column--item\&quot;> <a itemprop=\&quot;url\&quot; href='/c/35/japanese-whisky' class='subnav__link ' title=\&quot;Japanese Whisky\&quot; onclick=\&quot;_gaq.push(['_trackEvent', 'Navigation', 'click', 'WorldWhisky-ShopByType-JapaneseWhisky'])\&quot;> Japanese&nbsp;Whisky </a> <a itemprop=\&quot;url\&quot; href='/c/1107/japanese-world-blends' class='subnav__link ' title=\&quot;Japanese World Blends\&quot; onclick=\&quot;_gaq.push(['_trackEvent', 'Navigation', 'click', 'WorldWhisky-ShopByType-JapaneseWorldBlends'])\&quot;> Japanese&nbsp;World&nbsp;Blends </a> <a itemprop=\&quot;url\&quot; href='/c/33/american-whiskey' class='subnav__link ' title=\&quot;American Whiskey\&quot; onclick=\&quot;_gaq.push(['_trackEvent', 'Navigation', 'click', 'WorldWhisky-ShopByType-AmericanWhiskey'])\&quot;> American&nbsp;Whiskey </a> <a itemprop=\&quot;url\&quot; href='/c/34/canadian-whisky' class='subnav__link ' title=\&quot;Canadian Whisky\&quot; onclick=\&quot;_gaq.push(['_trackEvent', 'Navigation', 'click', 'WorldWhisky-ShopByType-CanadianWhisky'])\&quot;> Canadian&nbsp;Whisky </a> <a itemprop=\&quot;url\&quot; href='/c/317/indian-whisky' class='subnav__link ' title=\&quot;Indian Whisky\&quot; onclick=\&quot;_gaq.push(['_trackEvent', 'Navigation', 'click', 'WorldWhisky-ShopByType-IndianWhisky'])\&quot;> Indian&nbsp;Whisky </a> <a itemprop=\&quot;url\&quot; href='/c/32/irish-whiskey' class='subnav__link ' title=\&quot;Irish Whiskey\&quot; onclick=\&quot;_gaq.push(['_trackEvent', 'Navigation', 'click', 'WorldWhisky-ShopByType-IrishWhiskey'])\&quot;> Irish&nbsp;Whiskey </a> <a itemprop=\&quot;url\&quot; href='/c/493/english-whisky' class='subnav__link ' title=\&quot;English Whisky\&quot; onclick=\&quot;_gaq.push(['_trackEvent', 'Navigation', 'click', 'WorldWhisky-ShopByType-EnglishWhisky'])\&quot;> English&nbsp;Whisky </a> <a itemprop=\&quot;url\&quot; href='/c/540/taiwanese-whisky' class='subnav__link ' title=\&quot;Taiwanese Whisky\&quot; onclick=\&quot;_gaq.push(['_trackEvent', 'Navigation', 'click', 'WorldWhisky-ShopByType-TaiwaneseWhisky'])\&quot;> Taiwanese&nbsp;Whisky </a> <a itemprop=\&quot;url\&quot; href='/c/517/malt-spirits' class='subnav__link ' title=\&quot;Malt Spirits\&quot; onclick=\&quot;_gaq.push(['_trackEvent', 'Navigation', 'click', 'WorldWhisky-ShopByType-MaltSpirits'])\&quot;> Malt&nbsp;Spirits </a> <a itemprop=\&quot;url\&quot; href='/c/305/rest-of-the-world-whisky' class='subnav__link ' title=\&quot;Rest of the World\&quot; onclick=\&quot;_gaq.push(['_trackEvent', 'Navigation', 'click', 'WorldWhisky-ShopByType-RestoftheWorld'])\&quot;> Rest&nbsp;of&nbsp;the&nbsp;World </a> </div> </div> </div> <div class=\&quot;subnav__column subnav__column--w25 js-subnav__column\&quot;> <h3 class=\&quot;subnav__title js-subnav__title\&quot;> Shop By Flavour </h3> <a itemprop=\&quot;url\&quot; href='/feature/whiskybyflavour' class='subnav__link ' title=\&quot;Whisky By Flavour\&quot; onclick=\&quot;_gaq.push(['_trackEvent', 'Navigation', 'click', 'WorldWhisky-ShopByFlavour-WhiskyByFlavour'])\&quot;> Whisky By Flavour </a> <a itemprop=\&quot;url\&quot; href='/d/738/dried-fruit-and-nut' class='subnav__link subnav__link--lowercase ' title=\&quot;Dried Fruit and Nut\&quot; onclick=\&quot;_gaq.push(['_trackEvent', 'Navigation', 'click', 'WorldWhisky-ShopByFlavour-WhiskyByFlavour-DriedFruitandNut'])\&quot;> Dried Fruit and Nut </a> <a itemprop=\&quot;url\&quot; href='/d/740/elegant-and-floral' class='subnav__link subnav__link--lowercase ' title=\&quot;Elegant and Floral\&quot; onclick=\&quot;_gaq.push(['_trackEvent', 'Navigation', 'click', 'WorldWhisky-ShopByFlavour-WhiskyByFlavour-ElegantandFloral'])\&quot;> Elegant and Floral </a> <a itemprop=\&quot;url\&quot; href='/d/741/fresh-fruit-and-vanilla' class='subnav__link subnav__link--lowercase ' title=\&quot;Fresh Fruit and Vanilla\&quot; onclick=\&quot;_gaq.push(['_trackEvent', 'Navigation', 'click', 'WorldWhisky-ShopByFlavour-WhiskyByFlavour-FreshFruitandVanilla'])\&quot;> Fresh Fruit and Vanilla </a> <a itemprop=\&quot;url\&quot; href='/d/742/malt-and-honey' class='subnav__link subnav__link--lowercase ' title=\&quot;Malt and Honey\&quot; onclick=\&quot;_gaq.push(['_trackEvent', 'Navigation', 'click', 'WorldWhisky-ShopByFlavour-WhiskyByFlavour-MaltandHoney'])\&quot;> Malt and Honey </a> <a itemprop=\&quot;url\&quot; href='/d/743/maritime-and-smoky' class='subnav__link subnav__link--lowercase ' title=\&quot;Maritime and Smoky\&quot; onclick=\&quot;_gaq.push(['_trackEvent', 'Navigation', 'click', 'WorldWhisky-ShopByFlavour-WhiskyByFlavour-MaritimeandSmoky'])\&quot;> Maritime and Smoky </a> <a itemprop=\&quot;url\&quot; href='/d/744/peat-and-fruit' class='subnav__link subnav__link--lowercase ' title=\&quot;Peat and Fruit\&quot; onclick=\&quot;_gaq.push(['_trackEvent', 'Navigation', 'click', 'WorldWhisky-ShopByFlavour-WhiskyByFlavour-PeatandFruit'])\&quot;> Peat and Fruit </a> <a itemprop=\&quot;url\&quot; href='/d/745/rich-and-peaty' class='subnav__link subnav__link--lowercase ' title=\&quot;Rich and Peaty\&quot; onclick=\&quot;_gaq.push(['_trackEvent', 'Navigation', 'click', 'WorldWhisky-ShopByFlavour-WhiskyByFlavour-RichandPeaty'])\&quot;> Rich and Peaty </a> <a itemprop=\&quot;url\&quot; href='/d/746/rich-fruit-and-spice' class='subnav__link subnav__link--lowercase ' title=\&quot;Rich Fruit and Spice\&quot; onclick=\&quot;_gaq.push(['_trackEvent', 'Navigation', 'click', 'WorldWhisky-ShopByFlavour-WhiskyByFlavour-RichFruitandSpice'])\&quot;> Rich Fruit and Spice </a> </div> <div class=\&quot;subnav__column subnav__column--w25 js-subnav__column\&quot;> <h3 class=\&quot;subnav__title js-subnav__title\&quot;> Shop By Brand </h3> <a itemprop=\&quot;url\&quot; class=\&quot;subnav__link\&quot; href=\&quot;/b/33/whistlepig-american-whiskey\&quot; title=\&quot;Whistlepig\&quot; onclick=\&quot;_gaq.push(['_trackEvent', 'Navigation', 'click', 'WorldWhisky-ShopByBrand-WorldWhiskyBrands-Whistlepig'])\&quot;>Whistlepig</a><a itemprop=\&quot;url\&quot; class=\&quot;subnav__link\&quot; href=\&quot;/b/33/four-roses-american-whiskey\&quot; title=\&quot;Four Roses\&quot; onclick=\&quot;_gaq.push(['_trackEvent', 'Navigation', 'click', 'WorldWhisky-ShopByBrand-WorldWhiskyBrands-FourRoses'])\&quot;>Four Roses</a><a itemprop=\&quot;url\&quot; class=\&quot;subnav__link\&quot; href=\&quot;/b/35/hibiki-japanese-whisky\&quot; title=\&quot;Hibiki\&quot; onclick=\&quot;_gaq.push(['_trackEvent', 'Navigation', 'click', 'WorldWhisky-ShopByBrand-WorldWhiskyBrands-Hibiki'])\&quot;>Hibiki</a><a itemprop=\&quot;url\&quot; class=\&quot;subnav__link\&quot; href=\&quot;/b/33/jack-daniels-american-whiskey\&quot; title=\&quot;Jack Daniel's\&quot; onclick=\&quot;_gaq.push(['_trackEvent', 'Navigation', 'click', 'WorldWhisky-ShopByBrand-WorldWhiskyBrands-JackDaniels'])\&quot;>Jack Daniel's</a><a itemprop=\&quot;url\&quot; class=\&quot;subnav__link\&quot; href=\&quot;/b/32/jameson-irish-whiskey\&quot; title=\&quot;Jameson\&quot; onclick=\&quot;_gaq.push(['_trackEvent', 'Navigation', 'click', 'WorldWhisky-ShopByBrand-WorldWhiskyBrands-Jameson'])\&quot;>Jameson</a><a itemprop=\&quot;url\&quot; class=\&quot;subnav__link\&quot; href=\&quot;/b/35/kanosuke-japanese-whisky\&quot; title=\&quot;Kanosuke\&quot; onclick=\&quot;_gaq.push(['_trackEvent', 'Navigation', 'click', 'WorldWhisky-ShopByBrand-WorldWhiskyBrands-Kanosuke'])\&quot;>Kanosuke</a><a itemprop=\&quot;url\&quot; class=\&quot;subnav__link\&quot; href=\&quot;/b/305/ki-one-rest-of-the-world-whisky\&quot; title=\&quot;Ki One\&quot; onclick=\&quot;_gaq.push(['_trackEvent', 'Navigation', 'click', 'WorldWhisky-ShopByBrand-WorldWhiskyBrands-KiOne'])\&quot;>Ki One</a><a itemprop=\&quot;url\&quot; class=\&quot;subnav__link\&quot; href=\&quot;/b/32/method-and-madness-irish-whiskey\&quot; title=\&quot;Method and Madness\&quot; onclick=\&quot;_gaq.push(['_trackEvent', 'Navigation', 'click', 'WorldWhisky-ShopByBrand-WorldWhiskyBrands-MethodandMadness'])\&quot;>Method and Madness</a><a itemprop=\&quot;url\&quot; class=\&quot;subnav__link\&quot; href=\&quot;/b/33/new-riff-american-whiskey\&quot; title=\&quot;New Riff\&quot; onclick=\&quot;_gaq.push(['_trackEvent', 'Navigation', 'click', 'WorldWhisky-ShopByBrand-WorldWhiskyBrands-NewRiff'])\&quot;>New Riff</a><a itemprop=\&quot;url\&quot; class=\&quot;subnav__link\&quot; href=\&quot;/b/33/woodford-reserve-american-whiskey\&quot; title=\&quot;Woodford Reserve\&quot; onclick=\&quot;_gaq.push(['_trackEvent', 'Navigation', 'click', 'WorldWhisky-ShopByBrand-WorldWhiskyBrands-WoodfordReserve'])\&quot;>Woodford Reserve</a> <a itemprop=\&quot;url\&quot; href='/brands/worldwhisky' class='subnav__link subnav__link--lowercase ' title=\&quot;All World Whisky Brands\&quot; onclick=\&quot;_gaq.push(['_trackEvent', 'Navigation', 'click', 'WorldWhisky-ShopByBrand-AllWorldWhiskyBrands'])\&quot;> All World Whisky Brands </a> </div> </div>&quot; }, { &quot;navItemId&quot;: &quot;6&quot;, &quot;navItemHtml&quot;: &quot;<div class=\&quot;subnav__container subnav--flex-row\&quot;> <div class=\&quot;subnav__column subnav__column--w25 js-subnav__column\&quot;> <a itemprop=\&quot;url\&quot; href='/spirits-and-liqueurs' class='subnav__link subnav__link--underline subnav__link--grid' title=\&quot;Spirits &amp; Liqueurs\&quot; onclick=\&quot;_gaq.push(['_trackEvent', 'Navigation', 'click', 'SpiritsLiqueurs-Leftcolumn-SpiritsLiqueurs'])\&quot;> <i class=\&quot;tweicon tweicon--home subnav__col-icon\&quot;></i> <span class=\&quot;subnav__col-title\&quot;>Spirits &amp; Liqueurs</span> </a> <a itemprop=\&quot;url\&quot; href='/new-products/spirits-and-liqueurs' class='subnav__link subnav__link--underline subnav__link--grid' title=\&quot;New In\&quot; onclick=\&quot;_gaq.push(['_trackEvent', 'Navigation', 'click', 'SpiritsLiqueurs-Leftcolumn-NewIn'])\&quot;> <i class=\&quot;tweicon tweicon--new subnav__col-icon\&quot;></i> <span class=\&quot;subnav__col-title\&quot;>New In</span> </a> <a itemprop=\&quot;url\&quot; href='/exclusive-to-us' class='subnav__link subnav__link--underline subnav__link--grid' title=\&quot;Exclusives\&quot; onclick=\&quot;_gaq.push(['_trackEvent', 'Navigation', 'click', 'SpiritsLiqueurs-Leftcolumn-Exclusives'])\&quot;> <i class=\&quot;tweicon tweicon--exclusive subnav__col-icon\&quot;></i> <span class=\&quot;subnav__col-title\&quot;>Exclusives</span> </a> <a itemprop=\&quot;url\&quot; href='/specialoffers/spirits' class='subnav__link subnav__link--underline subnav__link--grid' title=\&quot;Offers\&quot; onclick=\&quot;_gaq.push(['_trackEvent', 'Navigation', 'click', 'SpiritsLiqueurs-Leftcolumn-Offers'])\&quot;> <i class=\&quot;tweicon tweicon--specialoffer subnav__col-icon\&quot;></i> <span class=\&quot;subnav__col-title\&quot;>Offers</span> </a> <a itemprop=\&quot;url\&quot; href='/d/874/top-10-gins' class='subnav__link subnav__link--underline subnav__link--grid' title=\&quot;Top 10 Gins\&quot; onclick=\&quot;_gaq.push(['_trackEvent', 'Navigation', 'click', 'SpiritsLiqueurs-Leftcolumn-Top10Gins'])\&quot;> <i class=\&quot;tweicon tweicon--whiskycollection subnav__col-icon\&quot;></i> <span class=\&quot;subnav__col-title\&quot;>Top 10 Gins</span> </a> <a itemprop=\&quot;url\&quot; href='/d/873/top-10-rums' class='subnav__link subnav__link--underline subnav__link--grid' title=\&quot;Top 10 Rums\&quot; onclick=\&quot;_gaq.push(['_trackEvent', 'Navigation', 'click', 'SpiritsLiqueurs-Leftcolumn-Top10Rums'])\&quot;> <i class=\&quot;tweicon tweicon--whiskycollection subnav__col-icon\&quot;></i> <span class=\&quot;subnav__col-title\&quot;>Top 10 Rums</span> </a> <a itemprop=\&quot;url\&quot; href='/d/871/top-10-cognacs' class='subnav__link subnav__link--underline subnav__link--grid' title=\&quot;Top 10 Cognacs\&quot; onclick=\&quot;_gaq.push(['_trackEvent', 'Navigation', 'click', 'SpiritsLiqueurs-Leftcolumn-Top10Cognacs'])\&quot;> <i class=\&quot;tweicon tweicon--whiskycollection subnav__col-icon\&quot;></i> <span class=\&quot;subnav__col-title\&quot;>Top 10 Cognacs</span> </a> <a itemprop=\&quot;url\&quot; href='/d/1165/top-10-tequilas' class='subnav__link subnav__link--underline subnav__link--grid' title=\&quot;Top 10 Tequilas\&quot; onclick=\&quot;_gaq.push(['_trackEvent', 'Navigation', 'click', 'SpiritsLiqueurs-Leftcolumn-Top10Tequilas'])\&quot;> <i class=\&quot;tweicon tweicon--whiskycollection subnav__col-icon\&quot;></i> <span class=\&quot;subnav__col-title\&quot;>Top 10 Tequilas</span> </a> <a itemprop=\&quot;url\&quot; href='/d/1166/top-10-mezcals' class='subnav__link subnav__link--underline subnav__link--grid' title=\&quot;Top 10 Mezcals\&quot; onclick=\&quot;_gaq.push(['_trackEvent', 'Navigation', 'click', 'SpiritsLiqueurs-Leftcolumn-Top10Mezcals'])\&quot;> <i class=\&quot;tweicon tweicon--whiskycollection subnav__col-icon\&quot;></i> <span class=\&quot;subnav__col-title\&quot;>Top 10 Mezcals</span> </a> <a itemprop=\&quot;url\&quot; href='/search/all/spirits-liqueurs' class='subnav__link subnav__link--underline subnav__link--grid' title=\&quot;All Spirits &amp; Liqueurs\&quot; onclick=\&quot;_gaq.push(['_trackEvent', 'Navigation', 'click', 'SpiritsLiqueurs-Leftcolumn-AllSpiritsLiqueurs'])\&quot;> <i class=\&quot;tweicon tweicon--whiskycollection subnav__col-icon\&quot;></i> <span class=\&quot;subnav__col-title\&quot;>All Spirits &amp; Liqueurs</span> </a> </div> <div class=\&quot;subnav__column subnav__column--w50 js-subnav__column\&quot;> <h3 class=\&quot;subnav__title js-subnav__title\&quot;> Shop By Type </h3> <div class=\&quot;subnav--flex-row\&quot;> <div class=\&quot;subnav__column subnav__column--w50 js-subnav__column--item\&quot;> <a itemprop=\&quot;url\&quot; href='/c/351/cognac' class='subnav__link ' title=\&quot;Cognac\&quot; onclick=\&quot;_gaq.push(['_trackEvent', 'Navigation', 'click', 'SpiritsLiqueurs-ShopByType-Cognac'])\&quot;> Cognac </a> <a itemprop=\&quot;url\&quot; href='/c/355/armagnac' class='subnav__link ' title=\&quot;Armagnac\&quot; onclick=\&quot;_gaq.push(['_trackEvent', 'Navigation', 'click', 'SpiritsLiqueurs-ShopByType-Armagnac'])\&quot;> Armagnac </a> <a itemprop=\&quot;url\&quot; href='/c/367/brandy-marc-and-korn' class='subnav__link ' title=\&quot;Other Brandy\&quot; onclick=\&quot;_gaq.push(['_trackEvent', 'Navigation', 'click', 'SpiritsLiqueurs-ShopByType-OtherBrandy'])\&quot;> Other Brandy </a> <a itemprop=\&quot;url\&quot; href='/c/339/rum' class='subnav__link ' title=\&quot;Rum\&quot; onclick=\&quot;_gaq.push(['_trackEvent', 'Navigation', 'click', 'SpiritsLiqueurs-ShopByType-Rum'])\&quot;> Rum </a> <a itemprop=\&quot;url\&quot; href='/c/340/white-rum' class='subnav__link subnav__link--lowercase ' title=\&quot;White\&quot; onclick=\&quot;_gaq.push(['_trackEvent', 'Navigation', 'click', 'SpiritsLiqueurs-ShopByType-Rum-White'])\&quot;> White </a> <a itemprop=\&quot;url\&quot; href='/c/518/golden-rum' class='subnav__link subnav__link--lowercase ' title=\&quot;Golden\&quot; onclick=\&quot;_gaq.push(['_trackEvent', 'Navigation', 'click', 'SpiritsLiqueurs-ShopByType-Rum-Golden'])\&quot;> Golden </a> <a itemprop=\&quot;url\&quot; href='/c/342/dark-rum' class='subnav__link subnav__link--lowercase ' title=\&quot;Dark\&quot; onclick=\&quot;_gaq.push(['_trackEvent', 'Navigation', 'click', 'SpiritsLiqueurs-ShopByType-Rum-Dark'])\&quot;> Dark </a> <a itemprop=\&quot;url\&quot; href='/c/589/spicedflavoured-rum' class='subnav__link subnav__link--lowercase ' title=\&quot;Spiced &amp; Flavoured\&quot; onclick=\&quot;_gaq.push(['_trackEvent', 'Navigation', 'click', 'SpiritsLiqueurs-ShopByType-Rum-SpicedFlavoured'])\&quot;> Spiced &amp; Flavoured </a> <a itemprop=\&quot;url\&quot; href='/feature/rumbyflavour' class='subnav__link subnav__link--lowercase ' title=\&quot;Rum By Flavour\&quot; onclick=\&quot;_gaq.push(['_trackEvent', 'Navigation', 'click', 'SpiritsLiqueurs-ShopByType-Rum-RumByFlavour'])\&quot;> Rum By Flavour </a> </div> <div class=\&quot;subnav__column subnav__column--w50 js-subnav__column--item\&quot;> <a itemprop=\&quot;url\&quot; href='/c/335/vodka' class='subnav__link ' title=\&quot;Vodka\&quot; onclick=\&quot;_gaq.push(['_trackEvent', 'Navigation', 'click', 'SpiritsLiqueurs-ShopByType-Vodka'])\&quot;> Vodka </a> <a itemprop=\&quot;url\&quot; href='/c/338/gin' class='subnav__link ' title=\&quot;Gin\&quot; onclick=\&quot;_gaq.push(['_trackEvent', 'Navigation', 'click', 'SpiritsLiqueurs-ShopByType-Gin'])\&quot;> Gin </a> <a itemprop=\&quot;url\&quot; href='/c/623/jenever' class='subnav__link ' title=\&quot;Jenever\&quot; onclick=\&quot;_gaq.push(['_trackEvent', 'Navigation', 'click', 'SpiritsLiqueurs-ShopByType-Jenever'])\&quot;> Jenever </a> <a itemprop=\&quot;url\&quot; href='/c/359/tequila' class='subnav__link ' title=\&quot;Tequila\&quot; onclick=\&quot;_gaq.push(['_trackEvent', 'Navigation', 'click', 'SpiritsLiqueurs-ShopByType-Tequila'])\&quot;> Tequila </a> <a itemprop=\&quot;url\&quot; href='/c/363/mezcal' class='subnav__link ' title=\&quot;Mezcal\&quot; onclick=\&quot;_gaq.push(['_trackEvent', 'Navigation', 'click', 'SpiritsLiqueurs-ShopByType-Mezcal'])\&quot;> Mezcal </a> <a itemprop=\&quot;url\&quot; href='/c/358/absinthe' class='subnav__link ' title=\&quot;Absinthe\&quot; onclick=\&quot;_gaq.push(['_trackEvent', 'Navigation', 'click', 'SpiritsLiqueurs-ShopByType-Absinthe'])\&quot;> Absinthe </a> <a itemprop=\&quot;url\&quot; href='/c/365/vermouths-aperitifs-and-digestifs' class='subnav__link ' title=\&quot;Vermouth &amp; Aperitif\&quot; onclick=\&quot;_gaq.push(['_trackEvent', 'Navigation', 'click', 'SpiritsLiqueurs-ShopByType-VermouthAperitif'])\&quot;> Vermouth &amp; Aperitif </a> <a itemprop=\&quot;url\&quot; href='/c/366/other-spirits' class='subnav__link ' title=\&quot;Other Spirits\&quot; onclick=\&quot;_gaq.push(['_trackEvent', 'Navigation', 'click', 'SpiritsLiqueurs-ShopByType-OtherSpirits'])\&quot;> Other Spirits </a> <a itemprop=\&quot;url\&quot; href='/c/343/liqueurs' class='subnav__link ' title=\&quot;Liqueurs\&quot; onclick=\&quot;_gaq.push(['_trackEvent', 'Navigation', 'click', 'SpiritsLiqueurs-ShopByType-Liqueurs'])\&quot;> Liqueurs </a> </div> </div> </div> <div class=\&quot;subnav__column subnav__column--w25 js-subnav__column\&quot;> <h3 class=\&quot;subnav__title js-subnav__title\&quot;> Shop By Brand </h3> <a itemprop=\&quot;url\&quot; class=\&quot;subnav__link\&quot; href=\&quot;/b/345/angostura-bitters-and-sprays\&quot; title=\&quot;Angostura\&quot; onclick=\&quot;_gaq.push(['_trackEvent', 'Navigation', 'click', 'SpiritsLiqueurs-ShopByBrand-SpiritsBrands-Angostura'])\&quot;>Angostura</a><a itemprop=\&quot;url\&quot; class=\&quot;subnav__link\&quot; href=\&quot;/b/335/belvedere-vodka\&quot; title=\&quot;Belvedere\&quot; onclick=\&quot;_gaq.push(['_trackEvent', 'Navigation', 'click', 'SpiritsLiqueurs-ShopByBrand-SpiritsBrands-Belvedere'])\&quot;>Belvedere</a><a itemprop=\&quot;url\&quot; class=\&quot;subnav__link\&quot; href=\&quot;/b/339/diplomatico-rum\&quot; title=\&quot;Diplomatico\&quot; onclick=\&quot;_gaq.push(['_trackEvent', 'Navigation', 'click', 'SpiritsLiqueurs-ShopByBrand-SpiritsBrands-Diplomatico'])\&quot;>Diplomatico</a><a itemprop=\&quot;url\&quot; class=\&quot;subnav__link\&quot; href=\&quot;/b/339/hampden-rum\&quot; title=\&quot;Hampden\&quot; onclick=\&quot;_gaq.push(['_trackEvent', 'Navigation', 'click', 'SpiritsLiqueurs-ShopByBrand-SpiritsBrands-Hampden'])\&quot;>Hampden</a><a itemprop=\&quot;url\&quot; class=\&quot;subnav__link\&quot; href=\&quot;/b/339/havana-club-rum\&quot; title=\&quot;Havana Club\&quot; onclick=\&quot;_gaq.push(['_trackEvent', 'Navigation', 'click', 'SpiritsLiqueurs-ShopByBrand-SpiritsBrands-HavanaClub'])\&quot;>Havana Club</a><a itemprop=\&quot;url\&quot; class=\&quot;subnav__link\&quot; href=\&quot;/b/343/irish-velvet-liqueurs\&quot; title=\&quot;Irish Velvet\&quot; onclick=\&quot;_gaq.push(['_trackEvent', 'Navigation', 'click', 'SpiritsLiqueurs-ShopByBrand-SpiritsBrands-IrishVelvet'])\&quot;>Irish Velvet</a><a itemprop=\&quot;url\&quot; class=\&quot;subnav__link\&quot; href=\&quot;/b/351/jean-luc-pasquet-cognac\&quot; title=\&quot;Jean-Luc Pasquet\&quot; onclick=\&quot;_gaq.push(['_trackEvent', 'Navigation', 'click', 'SpiritsLiqueurs-ShopByBrand-SpiritsBrands-JeanLucPasquet'])\&quot;>Jean-Luc Pasquet</a><a itemprop=\&quot;url\&quot; class=\&quot;subnav__link\&quot; href=\&quot;/b/339/kraken-rum\&quot; title=\&quot;Kraken\&quot; onclick=\&quot;_gaq.push(['_trackEvent', 'Navigation', 'click', 'SpiritsLiqueurs-ShopByBrand-SpiritsBrands-Kraken'])\&quot;>Kraken</a><a itemprop=\&quot;url\&quot; class=\&quot;subnav__link\&quot; href=\&quot;/b/335/polmos-vodka\&quot; title=\&quot;Polmos\&quot; onclick=\&quot;_gaq.push(['_trackEvent', 'Navigation', 'click', 'SpiritsLiqueurs-ShopByBrand-SpiritsBrands-Polmos'])\&quot;>Polmos</a><a itemprop=\&quot;url\&quot; class=\&quot;subnav__link\&quot; href=\&quot;/b/339/pussers-rum\&quot; title=\&quot;Pusser's\&quot; onclick=\&quot;_gaq.push(['_trackEvent', 'Navigation', 'click', 'SpiritsLiqueurs-ShopByBrand-SpiritsBrands-Pussers'])\&quot;>Pusser's</a> <a itemprop=\&quot;url\&quot; href='/brands/spirits' class='subnav__link subnav__link--lowercase ' title=\&quot;All Spirit Brands\&quot; onclick=\&quot;_gaq.push(['_trackEvent', 'Navigation', 'click', 'SpiritsLiqueurs-ShopByBrand-AllSpiritBrands'])\&quot;> All Spirit Brands </a> </div> </div>&quot; }, { &quot;navItemId&quot;: &quot;8&quot;, &quot;navItemHtml&quot;: &quot;<div class=\&quot;subnav__container subnav--flex-row\&quot;> <div class=\&quot;subnav__column subnav__column--w20 js-subnav__column\&quot;> <a itemprop=\&quot;url\&quot; href='/wine-and-champagne' class='subnav__link subnav__link--underline subnav__link--grid' title=\&quot;Wine\&quot; onclick=\&quot;_gaq.push(['_trackEvent', 'Navigation', 'click', 'Wine-Leftcolumn-Wine'])\&quot;> <i class=\&quot;tweicon tweicon--home subnav__col-icon\&quot;></i> <span class=\&quot;subnav__col-title\&quot;>Wine</span> </a> <a itemprop=\&quot;url\&quot; href='/new-products/champagne-wine-and-beer' class='subnav__link subnav__link--underline subnav__link--grid' title=\&quot;New In\&quot; onclick=\&quot;_gaq.push(['_trackEvent', 'Navigation', 'click', 'Wine-Leftcolumn-NewIn'])\&quot;> <i class=\&quot;tweicon tweicon--new subnav__col-icon\&quot;></i> <span class=\&quot;subnav__col-title\&quot;>New In</span> </a> <a itemprop=\&quot;url\&quot; href='/specialoffers/champagne' class='subnav__link subnav__link--underline subnav__link--grid' title=\&quot;Offers\&quot; onclick=\&quot;_gaq.push(['_trackEvent', 'Navigation', 'click', 'Wine-Leftcolumn-Offers'])\&quot;> <i class=\&quot;tweicon tweicon--specialoffer subnav__col-icon\&quot;></i> <span class=\&quot;subnav__col-title\&quot;>Offers</span> </a> <a itemprop=\&quot;url\&quot; href='/d/978/top-10-wines' class='subnav__link subnav__link--underline subnav__link--grid' title=\&quot;Top 10 Wines\&quot; onclick=\&quot;_gaq.push(['_trackEvent', 'Navigation', 'click', 'Wine-Leftcolumn-Top10Wines'])\&quot;> <i class=\&quot;tweicon tweicon--whiskycollection subnav__col-icon\&quot;></i> <span class=\&quot;subnav__col-title\&quot;>Top 10 Wines</span> </a> <a itemprop=\&quot;url\&quot; href='/d/884/top-10-champagnes' class='subnav__link subnav__link--underline subnav__link--grid' title=\&quot;Top 10 Champagnes\&quot; onclick=\&quot;_gaq.push(['_trackEvent', 'Navigation', 'click', 'Wine-Leftcolumn-Top10Champagnes'])\&quot;> <i class=\&quot;tweicon tweicon--whiskycollection subnav__col-icon\&quot;></i> <span class=\&quot;subnav__col-title\&quot;>Top 10 Champagnes</span> </a> <a itemprop=\&quot;url\&quot; href='/d/870/top-10-ports' class='subnav__link subnav__link--underline subnav__link--grid' title=\&quot;Top 10 Ports\&quot; onclick=\&quot;_gaq.push(['_trackEvent', 'Navigation', 'click', 'Wine-Leftcolumn-Top10Ports'])\&quot;> <i class=\&quot;tweicon tweicon--whiskycollection subnav__col-icon\&quot;></i> <span class=\&quot;subnav__col-title\&quot;>Top 10 Ports</span> </a> <a itemprop=\&quot;url\&quot; href='/d/793/wine-cases' class='subnav__link subnav__link--underline subnav__link--grid' title=\&quot;Wine Cases\&quot; onclick=\&quot;_gaq.push(['_trackEvent', 'Navigation', 'click', 'Wine-Leftcolumn-WineCases'])\&quot;> <i class=\&quot;tweicon tweicon--whiskycollection subnav__col-icon\&quot;></i> <span class=\&quot;subnav__col-title\&quot;>Wine Cases</span> </a> <a itemprop=\&quot;url\&quot; href='/d/1128/certified-biodynamic' class='subnav__link subnav__link--underline subnav__link--grid' title=\&quot;Organic Biodynamic\&quot; onclick=\&quot;_gaq.push(['_trackEvent', 'Navigation', 'click', 'Wine-Leftcolumn-OrganicBiodynamic'])\&quot;> <i class=\&quot;tweicon tweicon--whiskycollection subnav__col-icon\&quot;></i> <span class=\&quot;subnav__col-title\&quot;>Organic Biodynamic</span> </a> <a itemprop=\&quot;url\&quot; href='/search/all/wine-and-champagne' class='subnav__link subnav__link--underline subnav__link--grid' title=\&quot;All Wine &amp; Champagne\&quot; onclick=\&quot;_gaq.push(['_trackEvent', 'Navigation', 'click', 'Wine-Leftcolumn-AllWineChampagne'])\&quot;> <i class=\&quot;tweicon tweicon--whiskycollection subnav__col-icon\&quot;></i> <span class=\&quot;subnav__col-title\&quot;>All Wine &amp; Champagne</span> </a> </div> <div class=\&quot;subnav__column subnav__column--w50 js-subnav__column\&quot;> <h3 class=\&quot;subnav__title js-subnav__title\&quot;> Shop By Type </h3> <div class=\&quot;subnav--flex-row\&quot;> <div class=\&quot;subnav__column subnav__column--w50 js-subnav__column--item\&quot;> <a itemprop=\&quot;url\&quot; href='/c/330/champagne-sparkling-wine' class='subnav__link ' title=\&quot;Champagne\&quot; onclick=\&quot;_gaq.push(['_trackEvent', 'Navigation', 'click', 'Wine-ShopByType-Champagne'])\&quot;> Champagne </a> <a itemprop=\&quot;url\&quot; href='/c/581/world-sparkling-wine' class='subnav__link ' title=\&quot;World Sparkling Wine\&quot; onclick=\&quot;_gaq.push(['_trackEvent', 'Navigation', 'click', 'Wine-ShopByType-WorldSparklingWine'])\&quot;> World&nbsp;Sparkling&nbsp;Wine </a> <a itemprop=\&quot;url\&quot; href='/c/730/rose-sparkling-wine' class='subnav__link ' title=\&quot;Rose Sparkling Wine\&quot; onclick=\&quot;_gaq.push(['_trackEvent', 'Navigation', 'click', 'Wine-ShopByType-RoseSparklingWine'])\&quot;> Rose Sparkling Wine </a> <a itemprop=\&quot;url\&quot; href='/c/1094/white-wine' class='subnav__link ' title=\&quot;White Wine\&quot; onclick=\&quot;_gaq.push(['_trackEvent', 'Navigation', 'click', 'Wine-ShopByType-WhiteWine'])\&quot;> White Wine </a> <a itemprop=\&quot;url\&quot; href='/c/465/red-wine' class='subnav__link ' title=\&quot;Red Wine\&quot; onclick=\&quot;_gaq.push(['_trackEvent', 'Navigation', 'click', 'Wine-ShopByType-RedWine'])\&quot;> Red Wine </a> <a itemprop=\&quot;url\&quot; href='/c/1093/rose-wine' class='subnav__link ' title=\&quot;Rosé Wine\&quot; onclick=\&quot;_gaq.push(['_trackEvent', 'Navigation', 'click', 'Wine-ShopByType-RosWine'])\&quot;> Rosé Wine </a> <a itemprop=\&quot;url\&quot; href='/c/644/still-wine' class='subnav__link ' title=\&quot;All Still Wine\&quot; onclick=\&quot;_gaq.push(['_trackEvent', 'Navigation', 'click', 'Wine-ShopByType-AllStillWine'])\&quot;> All&nbsp;Still&nbsp;Wine </a> </div> <div class=\&quot;subnav__column subnav__column--w50 js-subnav__column--item\&quot;> <a itemprop=\&quot;url\&quot; href='/c/611/prosecco' class='subnav__link ' title=\&quot;Prosecco\&quot; onclick=\&quot;_gaq.push(['_trackEvent', 'Navigation', 'click', 'Wine-ShopByType-Prosecco'])\&quot;> Prosecco </a> <a itemprop=\&quot;url\&quot; href='/c/380/port' class='subnav__link ' title=\&quot;Port\&quot; onclick=\&quot;_gaq.push(['_trackEvent', 'Navigation', 'click', 'Wine-ShopByType-Port'])\&quot;> Port </a> <a itemprop=\&quot;url\&quot; href='/c/379/sherry' class='subnav__link ' title=\&quot;Sherry\&quot; onclick=\&quot;_gaq.push(['_trackEvent', 'Navigation', 'click', 'Wine-ShopByType-Sherry'])\&quot;> Sherry </a> <a itemprop=\&quot;url\&quot; href='/c/381/madeira' class='subnav__link ' title=\&quot;Madeira\&quot; onclick=\&quot;_gaq.push(['_trackEvent', 'Navigation', 'click', 'Wine-ShopByType-Madeira'])\&quot;> Madeira </a> <a itemprop=\&quot;url\&quot; href='/c/378/fortified-wine' class='subnav__link ' title=\&quot;All Fortified Wine\&quot; onclick=\&quot;_gaq.push(['_trackEvent', 'Navigation', 'click', 'Wine-ShopByType-AllFortifiedWine'])\&quot;> All&nbsp;Fortified&nbsp;Wine </a> <a itemprop=\&quot;url\&quot; href='/c/618/tonic-wine-mead-and-fruit-wine' class='subnav__link ' title=\&quot;Tonic Wine and Fruit Wine\&quot; onclick=\&quot;_gaq.push(['_trackEvent', 'Navigation', 'click', 'Wine-ShopByType-TonicWineandFruitWine'])\&quot;> Tonic&nbsp;Wine&nbsp;and&nbsp;Fruit&nbsp;Wine </a> </div> </div> </div> </div>&quot; }, { &quot;navItemId&quot;: &quot;9&quot;, &quot;navItemHtml&quot;: &quot;<div class=\&quot;subnav__container subnav--flex-row\&quot;> <div class=\&quot;subnav__column subnav__column--w25 js-subnav__column\&quot;> <a itemprop=\&quot;url\&quot; href='/other' class='subnav__link subnav__link--underline subnav__link--grid' title=\&quot;Other\&quot; onclick=\&quot;_gaq.push(['_trackEvent', 'Navigation', 'click', 'Other-Featured-Other'])\&quot;> <i class=\&quot;tweicon tweicon--home subnav__col-icon\&quot;></i> <span class=\&quot;subnav__col-title\&quot;>Other</span> </a> <a itemprop=\&quot;url\&quot; href='/new-products' class='subnav__link subnav__link--underline subnav__link--grid' title=\&quot;New In\&quot; onclick=\&quot;_gaq.push(['_trackEvent', 'Navigation', 'click', 'Other-Featured-NewIn'])\&quot;> <i class=\&quot;tweicon tweicon--new subnav__col-icon\&quot;></i> <span class=\&quot;subnav__col-title\&quot;>New In</span> </a> <a itemprop=\&quot;url\&quot; href='/specialoffers' class='subnav__link subnav__link--underline subnav__link--grid' title=\&quot;Offers\&quot; onclick=\&quot;_gaq.push(['_trackEvent', 'Navigation', 'click', 'Other-Featured-Offers'])\&quot;> <i class=\&quot;tweicon tweicon--specialoffer subnav__col-icon\&quot;></i> <span class=\&quot;subnav__col-title\&quot;>Offers</span> </a> <a itemprop=\&quot;url\&quot; href='/p/61498/everything-you-need-to-know-about-whisky' class='subnav__link subnav__link--underline subnav__link--grid' title=\&quot;Our Whisky Book\&quot; onclick=\&quot;_gaq.push(['_trackEvent', 'Navigation', 'click', 'Other-Featured-OurWhiskyBook'])\&quot;> <i class=\&quot;tweicon tweicon--books subnav__col-icon\&quot;></i> <span class=\&quot;subnav__col-title\&quot;>Our Whisky Book</span> </a> <a itemprop=\&quot;url\&quot; href='/search/all/other' class='subnav__link subnav__link--underline subnav__link--grid' title=\&quot;All Other Drinks &amp; Accessories\&quot; onclick=\&quot;_gaq.push(['_trackEvent', 'Navigation', 'click', 'Other-Featured-AllOtherDrinksAccessories'])\&quot;> <i class=\&quot;tweicon tweicon--whiskycollection subnav__col-icon\&quot;></i> <span class=\&quot;subnav__col-title\&quot;>All Other Drinks &amp; Accessories</span> </a> </div> <div class=\&quot;subnav__column subnav__column--w25 js-subnav__column\&quot;> <h3 class=\&quot;subnav__title js-subnav__title\&quot;> Drinks </h3> <a itemprop=\&quot;url\&quot; href='/c/503/beer' class='subnav__link ' title=\&quot;Beer\&quot; onclick=\&quot;_gaq.push(['_trackEvent', 'Navigation', 'click', 'Other-Drinks-Beer'])\&quot;> Beer </a> <a itemprop=\&quot;url\&quot; href='/c/625/cider-and-perry' class='subnav__link ' title=\&quot;Cider / Perry\&quot; onclick=\&quot;_gaq.push(['_trackEvent', 'Navigation', 'click', 'Other-Drinks-CiderPerry'])\&quot;> Cider / Perry </a> <a itemprop=\&quot;url\&quot; href='/c/384/sake-shaoxing-wine' class='subnav__link ' title=\&quot;Sake\&quot; onclick=\&quot;_gaq.push(['_trackEvent', 'Navigation', 'click', 'Other-Drinks-Sake'])\&quot;> Sake </a> <a itemprop=\&quot;url\&quot; href='/c/345/bitters-and-sprays' class='subnav__link ' title=\&quot;Bitters\&quot; onclick=\&quot;_gaq.push(['_trackEvent', 'Navigation', 'click', 'Other-Drinks-Bitters'])\&quot;> Bitters </a> <a itemprop=\&quot;url\&quot; href='/c/580/pre-mixed-cocktails-and-kits' class='subnav__link ' title=\&quot;Pre-Mix\&quot; onclick=\&quot;_gaq.push(['_trackEvent', 'Navigation', 'click', 'Other-Drinks-PreMix'])\&quot;> Pre-Mix </a> </div> <div class=\&quot;subnav__column subnav__column--w25 js-subnav__column\&quot;> <h3 class=\&quot;subnav__title js-subnav__title\&quot;> No and Low </h3> <a itemprop=\&quot;url\&quot; href='/c/348/soft-drinks-and-syrups' class='subnav__link ' title=\&quot;Soft Drinks and Syrups\&quot; onclick=\&quot;_gaq.push(['_trackEvent', 'Navigation', 'click', 'Other-NoandLow-SoftDrinksandSyrups'])\&quot;> Soft Drinks and Syrups </a> <a itemprop=\&quot;url\&quot; href='/c/1013/alcohol-alternatives' class='subnav__link ' title=\&quot;Alcohol Alternatives\&quot; onclick=\&quot;_gaq.push(['_trackEvent', 'Navigation', 'click', 'Other-NoandLow-AlcoholAlternatives'])\&quot;> Alcohol Alternatives </a> <a itemprop=\&quot;url\&quot; href='/c/649/garnishes-sauces-and-cocktail-fruit' class='subnav__link ' title=\&quot;Garnishes\&quot; onclick=\&quot;_gaq.push(['_trackEvent', 'Navigation', 'click', 'Other-NoandLow-Garnishes'])\&quot;> Garnishes </a> </div> <div class=\&quot;subnav__column subnav__column--w25 js-subnav__column\&quot;> <h3 class=\&quot;subnav__title js-subnav__title\&quot;> Accessories </h3> <a itemprop=\&quot;url\&quot; href='/c/396/glassware' class='subnav__link ' title=\&quot;Glassware\&quot; onclick=\&quot;_gaq.push(['_trackEvent', 'Navigation', 'click', 'Other-Accessories-Glassware'])\&quot;> Glassware </a> <a itemprop=\&quot;url\&quot; href='/c/525/clothing' class='subnav__link ' title=\&quot;Clothing\&quot; onclick=\&quot;_gaq.push(['_trackEvent', 'Navigation', 'click', 'Other-Accessories-Clothing'])\&quot;> Clothing </a> <a itemprop=\&quot;url\&quot; href='/c/466/bar-accessories' class='subnav__link ' title=\&quot;Barware\&quot; onclick=\&quot;_gaq.push(['_trackEvent', 'Navigation', 'click', 'Other-Accessories-Barware'])\&quot;> Barware </a> <a itemprop=\&quot;url\&quot; href='/c/402/books' class='subnav__link ' title=\&quot;Books\&quot; onclick=\&quot;_gaq.push(['_trackEvent', 'Navigation', 'click', 'Other-Accessories-Books'])\&quot;> Books </a> <a itemprop=\&quot;url\&quot; href='/c/729/memorabilia' class='subnav__link ' title=\&quot;Memorabilia\&quot; onclick=\&quot;_gaq.push(['_trackEvent', 'Navigation', 'click', 'Other-Accessories-Memorabilia'])\&quot;> Memorabilia </a> <a itemprop=\&quot;url\&quot; href='/c/717/hip-flasks' class='subnav__link ' title=\&quot;Hip Flasks\&quot; onclick=\&quot;_gaq.push(['_trackEvent', 'Navigation', 'click', 'Other-Accessories-HipFlasks'])\&quot;> Hip Flasks </a> </div> </div>&quot; }, { &quot;navItemId&quot;: &quot;10&quot;, &quot;navItemHtml&quot;: &quot;<div class=\&quot;subnav__container subnav--flex-row\&quot;> <div class=\&quot;subnav__column subnav__column--w25 js-subnav__column\&quot;> <a itemprop=\&quot;url\&quot; href='/miniatures-and-samples' class='subnav__link subnav__link--underline subnav__link--grid' title=\&quot;Miniatures\&quot; onclick=\&quot;_gaq.push(['_trackEvent', 'Navigation', 'click', 'Miniatures-Leftcolumn-Miniatures'])\&quot;> <i class=\&quot;tweicon tweicon--home subnav__col-icon\&quot;></i> <span class=\&quot;subnav__col-title\&quot;>Miniatures</span> </a> <a itemprop=\&quot;url\&quot; href='/new-products/miniatures-and-samples' class='subnav__link subnav__link--underline subnav__link--grid' title=\&quot;New Miniatures &amp; Samples\&quot; onclick=\&quot;_gaq.push(['_trackEvent', 'Navigation', 'click', 'Miniatures-Leftcolumn-NewMiniaturesSamples'])\&quot;> <i class=\&quot;tweicon tweicon--new subnav__col-icon\&quot;></i> <span class=\&quot;subnav__col-title\&quot;>New Miniatures &amp; Samples</span> </a> <a itemprop=\&quot;url\&quot; href='/c/803/samples' class='subnav__link subnav__link--underline subnav__link--grid' title=\&quot;All Perfect Measures Samples\&quot; onclick=\&quot;_gaq.push(['_trackEvent', 'Navigation', 'click', 'Miniatures-Leftcolumn-AllPerfectMeasuresSamples'])\&quot;> <i class=\&quot;tweicon tweicon--az subnav__col-icon\&quot;></i> <span class=\&quot;subnav__col-title\&quot;>All Perfect Measures Samples</span> </a> <a itemprop=\&quot;url\&quot; href='/c/385/miniatures' class='subnav__link subnav__link--underline subnav__link--grid' title=\&quot;All Miniatures\&quot; onclick=\&quot;_gaq.push(['_trackEvent', 'Navigation', 'click', 'Miniatures-Leftcolumn-AllMiniatures'])\&quot;> <i class=\&quot;tweicon tweicon--az subnav__col-icon\&quot;></i> <span class=\&quot;subnav__col-title\&quot;>All Miniatures</span> </a> <a itemprop=\&quot;url\&quot; href='/c/422/miniature-gift-sets' class='subnav__link subnav__link--underline subnav__link--grid' title=\&quot;Miniature Gift Sets\&quot; onclick=\&quot;_gaq.push(['_trackEvent', 'Navigation', 'click', 'Miniatures-Leftcolumn-MiniatureGiftSets'])\&quot;> <i class=\&quot;tweicon tweicon--whiskygifts subnav__col-icon\&quot;></i> <span class=\&quot;subnav__col-title\&quot;>Miniature Gift Sets</span> </a> <a itemprop=\&quot;url\&quot; href='/c/828/sample-gift-sets' class='subnav__link subnav__link--underline subnav__link--grid' title=\&quot;Perfect Measure Sample Sets\&quot; onclick=\&quot;_gaq.push(['_trackEvent', 'Navigation', 'click', 'Miniatures-Leftcolumn-PerfectMeasureSampleSets'])\&quot;> <i class=\&quot;tweicon tweicon--tasting subnav__col-icon\&quot;></i> <span class=\&quot;subnav__col-title\&quot;>Perfect Measure Sample Sets</span> </a> <a itemprop=\&quot;url\&quot; href='/p/68832/20-whiskies-that-changed-the-world-tasting-set-2023-edition-20x3cl' class='subnav__link subnav__link--underline subnav__link--grid' title=\&quot;20 Whiskies Tasting Set\&quot; onclick=\&quot;_gaq.push(['_trackEvent', 'Navigation', 'click', 'Miniatures-Leftcolumn-20WhiskiesTastingSet'])\&quot;> <i class=\&quot;tweicon tweicon--heart subnav__col-icon\&quot;></i> <span class=\&quot;subnav__col-title\&quot;>20 Whiskies Tasting&nbsp;Set</span> </a> <a itemprop=\&quot;url\&quot; href=' /search/all/miniatures-and-samples' class='subnav__link subnav__link--underline subnav__link--grid' title=\&quot;All Miniatures &amp; Samples\&quot; onclick=\&quot;_gaq.push(['_trackEvent', 'Navigation', 'click', 'Miniatures-Leftcolumn-AllMiniaturesSamples'])\&quot;> <i class=\&quot;tweicon tweicon--whiskycollection subnav__col-icon\&quot;></i> <span class=\&quot;subnav__col-title\&quot;>All Miniatures &amp; Samples</span> </a> </div> <div class=\&quot;subnav__column subnav__column--w50 js-subnav__column\&quot;> <h3 class=\&quot;subnav__title js-subnav__title\&quot;> Samples </h3> <a itemprop=\&quot;url\&quot; href='/c/813/single-malt-scotch-whisky-samples' class='subnav__link ' title=\&quot;Single Malt Scotch Whisky\&quot; onclick=\&quot;_gaq.push(['_trackEvent', 'Navigation', 'click', 'Miniatures-Samples-SingleMaltScotchWhisky'])\&quot;> Single Malt Scotch Whisky </a> <a itemprop=\&quot;url\&quot; href='/c/815/blended-scotch-whisky-samples' class='subnav__link ' title=\&quot;Blended Scotch Whisky\&quot; onclick=\&quot;_gaq.push(['_trackEvent', 'Navigation', 'click', 'Miniatures-Samples-BlendedScotchWhisky'])\&quot;> Blended Scotch Whisky </a> <a itemprop=\&quot;url\&quot; href='/c/817/american-whiskey-samples' class='subnav__link ' title=\&quot;American Whiskey\&quot; onclick=\&quot;_gaq.push(['_trackEvent', 'Navigation', 'click', 'Miniatures-Samples-AmericanWhiskey'])\&quot;> American Whiskey </a> <a itemprop=\&quot;url\&quot; href='/c/820/world-whisky-samples' class='subnav__link ' title=\&quot;World Whisky\&quot; onclick=\&quot;_gaq.push(['_trackEvent', 'Navigation', 'click', 'Miniatures-Samples-WorldWhisky'])\&quot;> World Whisky </a> <a itemprop=\&quot;url\&quot; href='/c/803/samples?subcategory=Blended%2bMalt%2bScotch%2bWhisky%252cIrish%2bWhiskey%252cJapanese%2bWhisky' class='subnav__link ' title=\&quot;Other Whiskies\&quot; onclick=\&quot;_gaq.push(['_trackEvent', 'Navigation', 'click', 'Miniatures-Samples-OtherWhiskies'])\&quot;> Other Whiskies </a> <a itemprop=\&quot;url\&quot; href='/c/821/cognac-samples' class='subnav__link ' title=\&quot;Cognac\&quot; onclick=\&quot;_gaq.push(['_trackEvent', 'Navigation', 'click', 'Miniatures-Samples-Cognac'])\&quot;> Cognac </a> <a itemprop=\&quot;url\&quot; href='/c/824/rum-samples' class='subnav__link ' title=\&quot;Rum\&quot; onclick=\&quot;_gaq.push(['_trackEvent', 'Navigation', 'click', 'Miniatures-Samples-Rum'])\&quot;> Rum </a> <a itemprop=\&quot;url\&quot; href='/c/826/tequila-and-mezcal-samples' class='subnav__link ' title=\&quot;Tequila\&quot; onclick=\&quot;_gaq.push(['_trackEvent', 'Navigation', 'click', 'Miniatures-Samples-Tequila'])\&quot;> Tequila </a> <a itemprop=\&quot;url\&quot; href='/c/825/vodka-samples' class='subnav__link ' title=\&quot;Vodka\&quot; onclick=\&quot;_gaq.push(['_trackEvent', 'Navigation', 'click', 'Miniatures-Samples-Vodka'])\&quot;> Vodka </a> <a itemprop=\&quot;url\&quot; href='/c/827/liqueurs-samples' class='subnav__link ' title=\&quot;Liqueurs\&quot; onclick=\&quot;_gaq.push(['_trackEvent', 'Navigation', 'click', 'Miniatures-Samples-Liqueurs'])\&quot;> Liqueurs </a> </div> <div class=\&quot;subnav__column subnav__column--w50 js-subnav__column\&quot;> <h3 class=\&quot;subnav__title js-subnav__title\&quot;> Miniatures </h3> <a itemprop=\&quot;url\&quot; href='/c/395/single-malt-scotch-whisky-miniatures' class='subnav__link ' title=\&quot;Single Malt Scotch Whisky\&quot; onclick=\&quot;_gaq.push(['_trackEvent', 'Navigation', 'click', 'Miniatures-Miniatures-SingleMaltScotchWhisky'])\&quot;> Single Malt Scotch Whisky </a> <a itemprop=\&quot;url\&quot; href='/c/436/blended-scotch-whisky-miniatures' class='subnav__link ' title=\&quot;Blended Scotch Whisky\&quot; onclick=\&quot;_gaq.push(['_trackEvent', 'Navigation', 'click', 'Miniatures-Miniatures-BlendedScotchWhisky'])\&quot;> Blended Scotch Whisky </a> <a itemprop=\&quot;url\&quot; href='/c/393/american-whiskey-miniatures' class='subnav__link ' title=\&quot;American Whiskey\&quot; onclick=\&quot;_gaq.push(['_trackEvent', 'Navigation', 'click', 'Miniatures-Miniatures-AmericanWhiskey'])\&quot;> American Whiskey </a> <a itemprop=\&quot;url\&quot; href='/c/417/world-whisky-miniatures' class='subnav__link ' title=\&quot;World Whisky\&quot; onclick=\&quot;_gaq.push(['_trackEvent', 'Navigation', 'click', 'Miniatures-Miniatures-WorldWhisky'])\&quot;> World Whisky </a> <a itemprop=\&quot;url\&quot; href='/c/385/miniatures?subcategory=Blended%2bMalt%2bScotch%2bWhisky%252cIrish%2bWhiskey%252cJapanese%2bWhisky%252cWhisky%2bLiqueurs' class='subnav__link ' title=\&quot;Other Whiskies\&quot; onclick=\&quot;_gaq.push(['_trackEvent', 'Navigation', 'click', 'Miniatures-Miniatures-OtherWhiskies'])\&quot;> Other Whiskies </a> <a itemprop=\&quot;url\&quot; href='/c/387/cognac-miniatures' class='subnav__link ' title=\&quot;Cognac\&quot; onclick=\&quot;_gaq.push(['_trackEvent', 'Navigation', 'click', 'Miniatures-Miniatures-Cognac'])\&quot;> Cognac </a> <a itemprop=\&quot;url\&quot; href='/c/390/rum-miniatures' class='subnav__link ' title=\&quot;Rum\&quot; onclick=\&quot;_gaq.push(['_trackEvent', 'Navigation', 'click', 'Miniatures-Miniatures-Rum'])\&quot;> Rum </a> <a itemprop=\&quot;url\&quot; href='/c/391/tequila-miniatures' class='subnav__link ' title=\&quot;Tequila\&quot; onclick=\&quot;_gaq.push(['_trackEvent', 'Navigation', 'click', 'Miniatures-Miniatures-Tequila'])\&quot;> Tequila </a> <a itemprop=\&quot;url\&quot; href='/c/392/vodka-miniatures' class='subnav__link ' title=\&quot;Vodka\&quot; onclick=\&quot;_gaq.push(['_trackEvent', 'Navigation', 'click', 'Miniatures-Miniatures-Vodka'])\&quot;> Vodka </a> <a itemprop=\&quot;url\&quot; href='/c/389/liqueur-miniatures' class='subnav__link ' title=\&quot;Liqueurs\&quot; onclick=\&quot;_gaq.push(['_trackEvent', 'Navigation', 'click', 'Miniatures-Miniatures-Liqueurs'])\&quot;> Liqueurs </a> </div> </div>&quot; }, { &quot;navItemId&quot;: &quot;948&quot;, &quot;navItemHtml&quot;: &quot;<div class=\&quot;subnav__container subnav--flex-row\&quot;> <div class=\&quot;subnav__column subnav__column--w25 js-subnav__column\&quot;> <a itemprop=\&quot;url\&quot; href='/oldandrare' class='subnav__link subnav__link--underline subnav__link--grid' title=\&quot;Old &amp; Rare\&quot; onclick=\&quot;_gaq.push(['_trackEvent', 'Navigation', 'click', 'OldRare-Leftcolumn-OldRare'])\&quot;> <i class=\&quot;tweicon tweicon--home subnav__col-icon\&quot;></i> <span class=\&quot;subnav__col-title\&quot;>Old &amp; Rare</span> </a> <a itemprop=\&quot;url\&quot; href='/wanted' class='subnav__link subnav__link--underline subnav__link--grid' title=\&quot;Sell Your Bottle\&quot; onclick=\&quot;_gaq.push(['_trackEvent', 'Navigation', 'click', 'OldRare-Leftcolumn-SellYourBottle'])\&quot;> <i class=\&quot;tweicon tweicon--oldandrare subnav__col-icon\&quot;></i> <span class=\&quot;subnav__col-title\&quot;>Sell Your Bottle</span> </a> <a itemprop=\&quot;url\&quot; href='/d/890/lost-distilleries' class='subnav__link subnav__link--underline subnav__link--grid' title=\&quot;Lost Distilleries\&quot; onclick=\&quot;_gaq.push(['_trackEvent', 'Navigation', 'click', 'OldRare-Leftcolumn-LostDistilleries'])\&quot;> <i class=\&quot;tweicon tweicon--oldandrare subnav__col-icon\&quot;></i> <span class=\&quot;subnav__col-title\&quot;>Lost Distilleries</span> </a> <a itemprop=\&quot;url\&quot; href='/new-products/old-and-rare-whisky' class='subnav__link subnav__link--underline subnav__link--grid' title=\&quot;New In\&quot; onclick=\&quot;_gaq.push(['_trackEvent', 'Navigation', 'click', 'OldRare-Leftcolumn-NewIn'])\&quot;> <i class=\&quot;tweicon tweicon--new subnav__col-icon\&quot;></i> <span class=\&quot;subnav__col-title\&quot;>New In</span> </a> </div> <div class=\&quot;subnav__column subnav__column--w50 js-subnav__column\&quot;> <h3 class=\&quot;subnav__title js-subnav__title\&quot;> Shop By Type </h3> <div class=\&quot;subnav--flex-row\&quot;> <div class=\&quot;subnav__column subnav__column--w50 js-subnav__column--item\&quot;> <a itemprop=\&quot;url\&quot; href='/c/40/single-malt-scotch-whisky?bottlingstatus=Discontinued' class='subnav__link ' title=\&quot;Single Malt Scotch Whisky\&quot; onclick=\&quot;_gaq.push(['_trackEvent', 'Navigation', 'click', 'OldRare-ShopByType-SingleMaltScotchWhisky'])\&quot;> Single Malt Scotch Whisky </a> <a itemprop=\&quot;url\&quot; href='/c/304/blended-scotch-whisky?bottlingstatus=Discontinued' class='subnav__link ' title=\&quot;Blended Whisky\&quot; onclick=\&quot;_gaq.push(['_trackEvent', 'Navigation', 'click', 'OldRare-ShopByType-BlendedWhisky'])\&quot;> Blended Whisky </a> <a itemprop=\&quot;url\&quot; href='/c/35/japanese-whisky?bottlingstatus=Discontinued' class='subnav__link ' title=\&quot;Japanese Whisky\&quot; onclick=\&quot;_gaq.push(['_trackEvent', 'Navigation', 'click', 'OldRare-ShopByType-JapaneseWhisky'])\&quot;> Japanese Whisky </a> <a itemprop=\&quot;url\&quot; href='/c/33/american-whiskey?bottlingstatus=Discontinued' class='subnav__link ' title=\&quot;American Whiskey\&quot; onclick=\&quot;_gaq.push(['_trackEvent', 'Navigation', 'click', 'OldRare-ShopByType-AmericanWhiskey'])\&quot;> American Whiskey </a> <a itemprop=\&quot;url\&quot; href='/c/32/irish-whiskey?bottlingstatus=Discontinued' class='subnav__link ' title=\&quot;Irish Whiskey\&quot; onclick=\&quot;_gaq.push(['_trackEvent', 'Navigation', 'click', 'OldRare-ShopByType-IrishWhiskey'])\&quot;> Irish Whiskey </a> <a itemprop=\&quot;url\&quot; href='/c/34/canadian-whisky?bottlingstatus=Discontinued' class='subnav__link ' title=\&quot;Canadian Whisky\&quot; onclick=\&quot;_gaq.push(['_trackEvent', 'Navigation', 'click', 'OldRare-ShopByType-CanadianWhisky'])\&quot;> Canadian Whisky </a> <a itemprop=\&quot;url\&quot; href='/c/305/rest-of-the-world-whisky?bottlingstatus=Discontinued' class='subnav__link ' title=\&quot;Rest of the World\&quot; onclick=\&quot;_gaq.push(['_trackEvent', 'Navigation', 'click', 'OldRare-ShopByType-RestoftheWorld'])\&quot;> Rest of the World </a> </div> <div class=\&quot;subnav__column subnav__column--w50 js-subnav__column--item\&quot;> <a itemprop=\&quot;url\&quot; href='/c/351/cognac?bottlingstatus=Discontinued' class='subnav__link ' title=\&quot;Cognac\&quot; onclick=\&quot;_gaq.push(['_trackEvent', 'Navigation', 'click', 'OldRare-ShopByType-Cognac'])\&quot;> Cognac </a> <a itemprop=\&quot;url\&quot; href='/c/355/armagnac?bottlingstatus=Discontinued' class='subnav__link ' title=\&quot;Armagnac\&quot; onclick=\&quot;_gaq.push(['_trackEvent', 'Navigation', 'click', 'OldRare-ShopByType-Armagnac'])\&quot;> Armagnac </a> <a itemprop=\&quot;url\&quot; href='/c/339/rum?bottlingstatus=Discontinued' class='subnav__link ' title=\&quot;Rum\&quot; onclick=\&quot;_gaq.push(['_trackEvent', 'Navigation', 'click', 'OldRare-ShopByType-Rum'])\&quot;> Rum </a> <a itemprop=\&quot;url\&quot; href='/c/338/gin?bottlingstatus=Discontinued' class='subnav__link ' title=\&quot;Gin\&quot; onclick=\&quot;_gaq.push(['_trackEvent', 'Navigation', 'click', 'OldRare-ShopByType-Gin'])\&quot;> Gin </a> <a itemprop=\&quot;url\&quot; href='/c/343/liqueurs?bottlingstatus=Discontinued' class='subnav__link ' title=\&quot;Liqueurs\&quot; onclick=\&quot;_gaq.push(['_trackEvent', 'Navigation', 'click', 'OldRare-ShopByType-Liqueurs'])\&quot;> Liqueurs </a> <a itemprop=\&quot;url\&quot; href='/c/365/vermouths-aperitifs-and-digestifs?bottlingstatus=Discontinued' class='subnav__link ' title=\&quot;Vermouth\&quot; onclick=\&quot;_gaq.push(['_trackEvent', 'Navigation', 'click', 'OldRare-ShopByType-Vermouth'])\&quot;> Vermouth </a> </div> </div> </div> <div class=\&quot;subnav__column subnav__column--w25 js-subnav__column\&quot;> <h3 class=\&quot;subnav__title js-subnav__title\&quot;> Shop By Brand </h3> <a itemprop=\&quot;url\&quot; href='/b/40/macallan-single-malt-scotch-whisky?bottlingstatus=Discontinued' class='subnav__link ' title=\&quot;Macallan\&quot; onclick=\&quot;_gaq.push(['_trackEvent', 'Navigation', 'click', 'OldRare-ShopByBrand-Macallan'])\&quot;> Macallan </a> <a itemprop=\&quot;url\&quot; href='/b/40/springbank-single-malt-scotch-whisky?bottlingstatus=Discontinued' class='subnav__link ' title=\&quot;Springbank\&quot; onclick=\&quot;_gaq.push(['_trackEvent', 'Navigation', 'click', 'OldRare-ShopByBrand-Springbank'])\&quot;> Springbank </a> <a itemprop=\&quot;url\&quot; href='/b/35/karuizawa-japanese-whisky?bottlingstatus=Discontinued' class='subnav__link ' title=\&quot;Karuizawa\&quot; onclick=\&quot;_gaq.push(['_trackEvent', 'Navigation', 'click', 'OldRare-ShopByBrand-Karuizawa'])\&quot;> Karuizawa </a> <a itemprop=\&quot;url\&quot; href='/b/35/yamazaki-japanese-whisky?bottlingstatus=Discontinued' class='subnav__link ' title=\&quot;Yamazaki\&quot; onclick=\&quot;_gaq.push(['_trackEvent', 'Navigation', 'click', 'OldRare-ShopByBrand-Yamazaki'])\&quot;> Yamazaki </a> <a itemprop=\&quot;url\&quot; href='/b/351/martell-cognac?bottlingstatus=Discontinued' class='subnav__link ' title=\&quot;Martell\&quot; onclick=\&quot;_gaq.push(['_trackEvent', 'Navigation', 'click', 'OldRare-ShopByBrand-Martell'])\&quot;> Martell </a> <a itemprop=\&quot;url\&quot; href='/b/40/ardbeg-single-malt-scotch-whisky?bottlingstatus=Discontinued' class='subnav__link ' title=\&quot;Ardbeg\&quot; onclick=\&quot;_gaq.push(['_trackEvent', 'Navigation', 'click', 'OldRare-ShopByBrand-Ardbeg'])\&quot;> Ardbeg </a> <a itemprop=\&quot;url\&quot; href='/b/40/bowmore-single-malt-scotch-whisky?bottlingstatus=Discontinued' class='subnav__link ' title=\&quot;Bowmore\&quot; onclick=\&quot;_gaq.push(['_trackEvent', 'Navigation', 'click', 'OldRare-ShopByBrand-Bowmore'])\&quot;> Bowmore </a> </div> </div>&quot; }]"></div><script src="/media/rtwe/assets/application/javascript/twe-bundle.min.js?v=638693456722098140" defer=""></script><script src="/media/rtwe/assets/application/javascript/twe-product-list-bundle.min.js?v=638703046210754503" defer=""></script><input class="js-product-list__recommended-products" type="hidden" value="[{&quot;Image&quot;:&quot;https://img.thewhiskyexchange.com/{ImageWidth}/GFDOB.18YO.jpg&quot;,&quot;Name&quot;:&quot;Glenfiddich 18 Year Old&quot;,&quot;Subname&quot;:&quot;&quot;,&quot;Meta&quot;:&quot;Speyside Single Malt Scotch Whisky&quot;,&quot;Data&quot;:&quot;70cl / 40%&quot;,&quot;Price&quot;:&quot;£102&quot;,&quot;UnitPrice&quot;:&quot;£145.71 per litre&quot;,&quot;InStock&quot;:true,&quot;Url&quot;:&quot;/p/2093/glenfiddich-18-year-old?suggested=true&amp;source=categoryproductlist&amp;type=recommended&amp;sourceCategoryId=40&quot;,&quot;Tooltip&quot;:{&quot;Type&quot;:&quot;The Classic&quot;,&quot;Text&quot;:&quot;A perfect example of the style: a surefire hit.&quot;}},{&quot;Image&quot;:&quot;https://img.thewhiskyexchange.com/{ImageWidth}/BRNTWE2009V1.jpg&quot;,&quot;Name&quot;:&quot;Benrinnes 2009&quot;,&quot;Subname&quot;:&quot;12 Year Old Sherry Cask The Whisky Exchange&quot;,&quot;Meta&quot;:&quot;Speyside Single Malt Scotch Whisky&quot;,&quot;Data&quot;:&quot;70cl / 56.1%&quot;,&quot;Price&quot;:&quot;£74.95&quot;,&quot;UnitPrice&quot;:&quot;£107.07 per litre&quot;,&quot;InStock&quot;:true,&quot;Url&quot;:&quot;/p/68450/benrinnes-2009-12-year-old-sherry-cask-the-whisky-exchange?suggested=true&amp;source=categoryproductlist&amp;type=recommended&amp;sourceCategoryId=40&quot;,&quot;Tooltip&quot;:{&quot;Type&quot;:&quot;The Curious&quot;,&quot;Text&quot;:&quot;Great for anyone already familiar with the category.&quot;}},{&quot;Image&quot;:&quot;https://img.thewhiskyexchange.com/{ImageWidth}/GRAIN_INC2017.jpg&quot;,&quot;Name&quot;:&quot;Inchdairnie Ryelaw 2017 Single Grain&quot;,&quot;Subname&quot;:&quot;Bot.2022&quot;,&quot;Meta&quot;:&quot;Lowland Single Grain Scotch Whisky&quot;,&quot;Data&quot;:&quot;70cl / 46.3%&quot;,&quot;Price&quot;:&quot;£99&quot;,&quot;UnitPrice&quot;:&quot;£141.43 per litre&quot;,&quot;InStock&quot;:true,&quot;Url&quot;:&quot;/p/71291/inchdairnie-ryelaw-2017-single-grain-bot2022?suggested=true&amp;source=categoryproductlist&amp;type=recommended&amp;sourceCategoryId=40&quot;,&quot;Tooltip&quot;:{&quot;Type&quot;:&quot;The Wildcard&quot;,&quot;Text&quot;:&quot;A more unusual option for the adventurous drinker.&quot;}}]"><script src="/media/rtwe/assets/application/javascript/site/trustbar.js?v=638531100328600813" defer=""></script><input type="hidden" id="tweanalytics" value="eyJDb25uZWN0aW9uIjoiY2xvc2UiLCJDb250ZW50LUxlbmd0aCI6IjAiLCJBY2NlcHQiOiJ0ZXh0L2h0bWwsYXBwbGljYXRpb24veGh0bWwreG1sLGFwcGxpY2F0aW9uL3htbDtxPTAuOSxpbWFnZS9hdmlmLGltYWdlL3dlYnAsaW1hZ2UvYXBuZywqLyo7cT0wLjgsYXBwbGljYXRpb24vc2lnbmVkLWV4Y2hhbmdlO3Y9YjM7cT0wLjciLCJBY2NlcHQtRW5jb2RpbmciOiJnemlwLCBiciIsIkFjY2VwdC1MYW5ndWFnZSI6ImVuLUdCLGVuLVVTO3E9MC45LGVuO3E9MC44IiwiSG9zdCI6Ind3dy50aGV3aGlza3lleGNoYW5nZS5jb20iLCJVc2VyLUFnZW50IjoiTW96aWxsYS81LjAgKFdpbmRvd3MgTlQgMTAuMDsgV2luNjQ7IHg2NCkgQXBwbGVXZWJLaXQvNTM3LjM2IChLSFRNTCwgbGlrZSBHZWNrbykgQ2hyb21lLzExNC4wLjAuMCBTYWZhcmkvNTM3LjM2IiwicHJpb3JpdHkiOiJ1PTAsIGkiLCJjZi1jb25uZWN0aW5nLWlwIjoiMjE3LjczLjI4LjczIiwieC1mb3J3YXJkZWQtZm9yIjoiMjE3LjczLjI4LjczIiwiY2YtcmF5IjoiOGY2YTVmZmJkODY0YzljZi1PVFAiLCJjZG4tbG9vcCI6ImNsb3VkZmxhcmU7IGxvb3BzPTEiLCJjZi1pcGNvdW50cnkiOiJTSyIsIngtZm9yd2FyZGVkLXByb3RvIjoiaHR0cHMiLCJjZi12aXNpdG9yIjoie1wic2NoZW1lXCI6XCJodHRwc1wifSIsInNlYy1jaC11YSI6IlwiR29vZ2xlIENocm9tZVwiO3Y9XCIxMzFcIiwgXCJDaHJvbWl1bVwiO3Y9XCIxMzFcIiwgXCJOb3RfQSBCcmFuZFwiO3Y9XCIyNFwiIiwic2VjLWNoLXVhLW1vYmlsZSI6Ij8wIiwic2VjLWNoLXVhLXBsYXRmb3JtIjoiXCJXaW5kb3dzXCIiLCJ1cGdyYWRlLWluc2VjdXJlLXJlcXVlc3RzIjoiMSIsInNlYy1mZXRjaC1zaXRlIjoibm9uZSIsInNlYy1mZXRjaC1tb2RlIjoibmF2aWdhdGUiLCJzZWMtZmV0Y2gtdXNlciI6Ij8xIiwic2VjLWZldGNoLWRlc3QiOiJkb2N1bWVudCIsIlgtT3JpZ2luYWwtVVJMIjoiL3NlYXJjaC9hbGwvc2NvdGNoLXdoaXNreT9wZz0yIiwiX190d2V1aWQiOiI2YzZhNzhlMDUzMjk0OWQ0YWEyYzg2ODExZjM5NWU4YyIsInN0YXJ0ZWRhdCI6IjIzLzEyLzIwMjQgMTg6MjI6MDQiLCJBU1AuTkVUX1Nlc3Npb25JZCI6Im5pMWl4Z3kzMzRiYTVwZmwzMnlqM2N3cyIsIkhvc3ROYW1lIjoid3d3LnRoZXdoaXNreWV4Y2hhbmdlLmNvbSIsIlBhZ2VVcmwiOiIvc2VhcmNoL2FsbC9zY290Y2gtd2hpc2t5P3BnPTIiLCJDRkNvdW50cnlDb2RlIjoiU0siLCJJcEFkZHJlc3MiOiIyMTcuNzMuMjguNzMifQ=="><input type="hidden" id="twedata" value="eyJDb29raWVzIjoie30ifQ=="><script>tweSite.global.apiBaseUrl="https://api.thewhiskyexchange.com";</script><input class="js-twe__uniquetoken" type="hidden" value="7f00a2009400ec00ab00cd00d100150086007700a8000b004a00c000e40044001f00650069004900da007d003900c1001b006b00eb00e80053008100ff002a00a300af00d7008b00bf00"><script>(function(){function c(){var b=a.contentDocument||a.contentWindow.document;if(b){var d=b.createElement('script');d.innerHTML="window.__CF$cv$params={r:'8f6a5ffbd864c9cf',t:'MTczNDk3ODEyNC4wMDAwMDA='};var a=document.createElement('script');a.nonce='';a.src='/cdn-cgi/challenge-platform/scripts/jsd/main.js';document.getElementsByTagName('head')[0].appendChild(a);";b.getElementsByTagName('head')[0].appendChild(d)}}if(document.body){var a=document.createElement('iframe');a.height=1;a.width=1;a.style.position='absolute';a.style.top=0;a.style.left=0;a.style.border='none';a.style.visibility='hidden';document.body.appendChild(a);if('loading'!==document.readyState)c();else if(window.addEventListener)document.addEventListener('DOMContentLoaded',c);else{var e=document.onreadystatechange||function(){};document.onreadystatechange=function(b){e(b);'loading'!==document.readyState&&(document.onreadystatechange=e,c())}}}})();</script><iframe height="1" width="1" style="position: absolute; top: 0px; left: 0px; border: none; visibility: hidden;"></iframe><script defer="" src="https://static.cloudflareinsights.com/beacon.min.js/vcd15cbe7772f49c399c6a5babf22c1241717689176015" integrity="sha512-ZpsOmlRQV6y907TI0dKBHq9Md29nnaEIPlkf84rnaERnq6zvWvPUqr2ft8M1aS28oN72PdrCzSjY4U6VaAw1EQ==" data-cf-beacon="{&quot;rayId&quot;:&quot;8f6a5ffbd864c9cf&quot;,&quot;serverTiming&quot;:{&quot;name&quot;:{&quot;cfExtPri&quot;:true,&quot;cfL4&quot;:true,&quot;cfSpeedBrain&quot;:true,&quot;cfCacheStatus&quot;:true}},&quot;version&quot;:&quot;2024.10.5&quot;,&quot;token&quot;:&quot;32d5c2c2b923422d876c677fe3f17ff0&quot;}" crossorigin="anonymous"></script>
</body></html>